%YAML 1.1
%TAG !u! tag:unity3d.com,2011:
--- !u!1 &2191298431431843201
GameObject:
  m_ObjectHideFlags: 0
  m_CorrespondingSourceObject: {fileID: 0}
  m_PrefabInstance: {fileID: 0}
  m_PrefabAsset: {fileID: 0}
  serializedVersion: 6
  m_Component:
  - component: {fileID: 2191298431431843200}
  - component: {fileID: 2191298431431843195}
  - component: {fileID: 2191298431431843196}
  - component: {fileID: 2191298431431843197}
  - component: {fileID: 2191298431431843198}
  - component: {fileID: 2191298431431843199}
  m_Layer: 0
  m_Name: Walls
  m_TagString: Untagged
  m_Icon: {fileID: 0}
  m_NavMeshLayer: 0
  m_StaticEditorFlags: 5
  m_IsActive: 1
--- !u!4 &2191298431431843200
Transform:
  m_ObjectHideFlags: 0
  m_CorrespondingSourceObject: {fileID: 0}
  m_PrefabInstance: {fileID: 0}
  m_PrefabAsset: {fileID: 0}
  m_GameObject: {fileID: 2191298431431843201}
  m_LocalRotation: {x: -0, y: 0.7071068, z: -0, w: 0.7071068}
  m_LocalPosition: {x: 15.2, y: -0.019996643, z: 18.67}
  m_LocalScale: {x: 1, y: 1, z: 1}
  m_ConstrainProportionsScale: 0
  m_Children: []
  m_Father: {fileID: 0}
  m_RootOrder: 0
  m_LocalEulerAnglesHint: {x: 0, y: 90, z: 0}
--- !u!114 &2191298431431843195
MonoBehaviour:
  m_ObjectHideFlags: 0
  m_CorrespondingSourceObject: {fileID: 0}
  m_PrefabInstance: {fileID: 0}
  m_PrefabAsset: {fileID: 0}
  m_GameObject: {fileID: 2191298431431843201}
  m_Enabled: 1
  m_EditorHideFlags: 0
  m_Script: {fileID: 11500000, guid: 8233d90336aea43098adf6dbabd606a2, type: 3}
  m_Name: 
  m_EditorClassIdentifier: 
  m_MeshFormatVersion: 2
  m_Faces:
  - m_Indexes: 000000000100000002000000010000000300000002000000
    m_SmoothingGroup: 0
    m_Uv:
      m_UseWorldSpace: 0
      m_FlipU: 0
      m_FlipV: 0
      m_SwapUV: 0
      m_Fill: 1
      m_Scale: {x: 1, y: 1}
      m_Offset: {x: 0, y: 0}
      m_Rotation: 0
      m_Anchor: 9
    m_Material: {fileID: 0}
    m_SubmeshIndex: 0
    m_ManualUV: 0
    elementGroup: -1
    m_TextureGroup: -1
  - m_Indexes: 040000000500000006000000050000000700000006000000
    m_SmoothingGroup: 0
    m_Uv:
      m_UseWorldSpace: 0
      m_FlipU: 0
      m_FlipV: 0
      m_SwapUV: 0
      m_Fill: 1
      m_Scale: {x: 0.9999997, y: 1.0000001}
      m_Offset: {x: 0.0000038146973, y: 0.00000047683716}
      m_Rotation: 0
      m_Anchor: 9
    m_Material: {fileID: 0}
    m_SubmeshIndex: 0
    m_ManualUV: 0
    elementGroup: -1
    m_TextureGroup: -1
  - m_Indexes: 08000000090000000a000000
    m_SmoothingGroup: 1
    m_Uv:
      m_UseWorldSpace: 0
      m_FlipU: 0
      m_FlipV: 0
      m_SwapUV: 0
      m_Fill: 1
      m_Scale: {x: 1, y: 1}
      m_Offset: {x: 0, y: 0}
      m_Rotation: 0
      m_Anchor: 9
    m_Material: {fileID: 0}
    m_SubmeshIndex: 0
    m_ManualUV: 1
    elementGroup: -1
    m_TextureGroup: -1
  - m_Indexes: 120000001300000014000000
    m_SmoothingGroup: 2
    m_Uv:
      m_UseWorldSpace: 0
      m_FlipU: 0
      m_FlipV: 0
      m_SwapUV: 0
      m_Fill: 1
      m_Scale: {x: 1, y: 1}
      m_Offset: {x: 0, y: 0}
      m_Rotation: 0
      m_Anchor: 9
    m_Material: {fileID: 0}
    m_SubmeshIndex: 0
    m_ManualUV: 1
    elementGroup: -1
    m_TextureGroup: -1
  - m_Indexes: 210000002200000023000000
    m_SmoothingGroup: 5
    m_Uv:
      m_UseWorldSpace: 0
      m_FlipU: 0
      m_FlipV: 0
      m_SwapUV: 0
      m_Fill: 1
      m_Scale: {x: 1, y: 1}
      m_Offset: {x: 0, y: 0}
      m_Rotation: 0
      m_Anchor: 9
    m_Material: {fileID: 0}
    m_SubmeshIndex: 0
    m_ManualUV: 1
    elementGroup: -1
    m_TextureGroup: -1
  - m_Indexes: 240000002500000026000000
    m_SmoothingGroup: 5
    m_Uv:
      m_UseWorldSpace: 0
      m_FlipU: 0
      m_FlipV: 0
      m_SwapUV: 0
      m_Fill: 1
      m_Scale: {x: 1, y: 1}
      m_Offset: {x: 0, y: 0}
      m_Rotation: 0
      m_Anchor: 9
    m_Material: {fileID: 0}
    m_SubmeshIndex: 0
    m_ManualUV: 1
    elementGroup: -1
    m_TextureGroup: -1
  - m_Indexes: 2b0000002c0000002d000000
    m_SmoothingGroup: 4
    m_Uv:
      m_UseWorldSpace: 0
      m_FlipU: 0
      m_FlipV: 0
      m_SwapUV: 0
      m_Fill: 1
      m_Scale: {x: 1, y: 1}
      m_Offset: {x: 0, y: 0}
      m_Rotation: 0
      m_Anchor: 9
    m_Material: {fileID: 0}
    m_SubmeshIndex: 0
    m_ManualUV: 1
    elementGroup: -1
    m_TextureGroup: -1
  - m_Indexes: 360000003700000038000000
    m_SmoothingGroup: 0
    m_Uv:
      m_UseWorldSpace: 0
      m_FlipU: 0
      m_FlipV: 0
      m_SwapUV: 0
      m_Fill: 1
      m_Scale: {x: 1, y: 1}
      m_Offset: {x: 0, y: 0}
      m_Rotation: 0
      m_Anchor: 9
    m_Material: {fileID: 0}
    m_SubmeshIndex: 1
    m_ManualUV: 1
    elementGroup: -1
    m_TextureGroup: -1
  - m_Indexes: 0b0000000c0000000d0000000b0000000d0000000e000000
    m_SmoothingGroup: 1
    m_Uv:
      m_UseWorldSpace: 0
      m_FlipU: 0
      m_FlipV: 0
      m_SwapUV: 0
      m_Fill: 1
      m_Scale: {x: 1, y: 1}
      m_Offset: {x: 0, y: 0}
      m_Rotation: 0
      m_Anchor: 9
    m_Material: {fileID: 0}
    m_SubmeshIndex: 0
    m_ManualUV: 1
    elementGroup: -1
    m_TextureGroup: -1
  - m_Indexes: 0f0000001000000011000000100000001500000011000000
    m_SmoothingGroup: 2
    m_Uv:
      m_UseWorldSpace: 0
      m_FlipU: 0
      m_FlipV: 0
      m_SwapUV: 0
      m_Fill: 1
      m_Scale: {x: 1, y: 1}
      m_Offset: {x: 0, y: 0}
      m_Rotation: 0
      m_Anchor: 9
    m_Material: {fileID: 0}
    m_SubmeshIndex: 0
    m_ManualUV: 1
    elementGroup: -1
    m_TextureGroup: -1
  - m_Indexes: 160000001700000018000000160000001800000019000000
    m_SmoothingGroup: 0
    m_Uv:
      m_UseWorldSpace: 0
      m_FlipU: 0
      m_FlipV: 0
      m_SwapUV: 0
      m_Fill: 1
      m_Scale: {x: 1, y: 1}
      m_Offset: {x: 0, y: 0}
      m_Rotation: 0
      m_Anchor: 9
    m_Material: {fileID: 0}
    m_SubmeshIndex: 0
    m_ManualUV: 1
    elementGroup: -1
    m_TextureGroup: -1
  - m_Indexes: 1a0000001b0000001c0000001a0000001c0000001d000000
    m_SmoothingGroup: 0
    m_Uv:
      m_UseWorldSpace: 0
      m_FlipU: 0
      m_FlipV: 0
      m_SwapUV: 0
      m_Fill: 1
      m_Scale: {x: 1, y: 1}
      m_Offset: {x: 0, y: 0}
      m_Rotation: 0
      m_Anchor: 9
    m_Material: {fileID: 0}
    m_SubmeshIndex: 0
    m_ManualUV: 1
    elementGroup: -1
    m_TextureGroup: -1
  - m_Indexes: 1e0000001f00000020000000
    m_SmoothingGroup: 0
    m_Uv:
      m_UseWorldSpace: 0
      m_FlipU: 0
      m_FlipV: 0
      m_SwapUV: 0
      m_Fill: 1
      m_Scale: {x: 1, y: 1}
      m_Offset: {x: 0, y: 0}
      m_Rotation: 0
      m_Anchor: 9
    m_Material: {fileID: 0}
    m_SubmeshIndex: 0
    m_ManualUV: 1
    elementGroup: -1
    m_TextureGroup: -1
  - m_Indexes: 27000000280000002900000027000000290000002a000000
    m_SmoothingGroup: 4
    m_Uv:
      m_UseWorldSpace: 0
      m_FlipU: 0
      m_FlipV: 0
      m_SwapUV: 0
      m_Fill: 1
      m_Scale: {x: 1, y: 1}
      m_Offset: {x: 0, y: 0}
      m_Rotation: 0
      m_Anchor: 9
    m_Material: {fileID: 0}
    m_SubmeshIndex: 0
    m_ManualUV: 1
    elementGroup: -1
    m_TextureGroup: -1
  - m_Indexes: 2e0000002f000000300000002e0000003000000031000000
    m_SmoothingGroup: 4
    m_Uv:
      m_UseWorldSpace: 0
      m_FlipU: 0
      m_FlipV: 0
      m_SwapUV: 0
      m_Fill: 1
      m_Scale: {x: 1, y: 1}
      m_Offset: {x: 0, y: 0}
      m_Rotation: 0
      m_Anchor: 9
    m_Material: {fileID: 0}
    m_SubmeshIndex: 0
    m_ManualUV: 1
    elementGroup: -1
    m_TextureGroup: -1
  - m_Indexes: 320000003300000034000000320000003400000035000000
    m_SmoothingGroup: 4
    m_Uv:
      m_UseWorldSpace: 0
      m_FlipU: 0
      m_FlipV: 0
      m_SwapUV: 0
      m_Fill: 1
      m_Scale: {x: 1, y: 1}
      m_Offset: {x: 0, y: 0}
      m_Rotation: 0
      m_Anchor: 9
    m_Material: {fileID: 0}
    m_SubmeshIndex: 0
    m_ManualUV: 1
    elementGroup: -1
    m_TextureGroup: -1
  - m_Indexes: 390000003a0000003b000000390000003b0000003c000000
    m_SmoothingGroup: 6
    m_Uv:
      m_UseWorldSpace: 0
      m_FlipU: 0
      m_FlipV: 0
      m_SwapUV: 0
      m_Fill: 1
      m_Scale: {x: 1, y: 1}
      m_Offset: {x: 0, y: 0}
      m_Rotation: 0
      m_Anchor: 9
    m_Material: {fileID: 0}
    m_SubmeshIndex: 1
    m_ManualUV: 1
    elementGroup: -1
    m_TextureGroup: -1
  - m_Indexes: 3d0000003e0000003f0000003d0000003f00000040000000
    m_SmoothingGroup: 6
    m_Uv:
      m_UseWorldSpace: 0
      m_FlipU: 0
      m_FlipV: 0
      m_SwapUV: 0
      m_Fill: 1
      m_Scale: {x: 1, y: 1}
      m_Offset: {x: 0, y: 0}
      m_Rotation: 0
      m_Anchor: 9
    m_Material: {fileID: 0}
    m_SubmeshIndex: 1
    m_ManualUV: 1
    elementGroup: -1
    m_TextureGroup: -1
  - m_Indexes: 47000000480000004900000047000000490000004a000000
    m_SmoothingGroup: 10
    m_Uv:
      m_UseWorldSpace: 0
      m_FlipU: 0
      m_FlipV: 0
      m_SwapUV: 0
      m_Fill: 1
      m_Scale: {x: 1, y: 1}
      m_Offset: {x: 0, y: 0}
      m_Rotation: 0
      m_Anchor: 9
    m_Material: {fileID: 0}
    m_SubmeshIndex: 2
    m_ManualUV: 1
    elementGroup: -1
    m_TextureGroup: -1
  - m_Indexes: 4b0000004c0000004d0000004b0000004d0000004e000000
    m_SmoothingGroup: 10
    m_Uv:
      m_UseWorldSpace: 0
      m_FlipU: 0
      m_FlipV: 0
      m_SwapUV: 0
      m_Fill: 1
      m_Scale: {x: 1, y: 1}
      m_Offset: {x: 0, y: 0}
      m_Rotation: 0
      m_Anchor: 9
    m_Material: {fileID: 0}
    m_SubmeshIndex: 2
    m_ManualUV: 1
    elementGroup: -1
    m_TextureGroup: -1
  - m_Indexes: 4f0000005000000051000000500000005200000051000000
    m_SmoothingGroup: 0
    m_Uv:
      m_UseWorldSpace: 0
      m_FlipU: 0
      m_FlipV: 0
      m_SwapUV: 0
      m_Fill: 1
      m_Scale: {x: 1, y: 0.9999999}
      m_Offset: {x: 15.307541, y: 3.8283343}
      m_Rotation: 0
      m_Anchor: 9
    m_Material: {fileID: 0}
    m_SubmeshIndex: 1
    m_ManualUV: 0
    elementGroup: -1
    m_TextureGroup: -1
  - m_Indexes: 530000005400000055000000540000005600000055000000
    m_SmoothingGroup: 0
    m_Uv:
      m_UseWorldSpace: 0
      m_FlipU: 0
      m_FlipV: 0
      m_SwapUV: 0
      m_Fill: 1
      m_Scale: {x: 0.9999999, y: 0.9999999}
      m_Offset: {x: 15.30754, y: 3.8283343}
      m_Rotation: 0
      m_Anchor: 9
    m_Material: {fileID: 0}
    m_SubmeshIndex: 1
    m_ManualUV: 0
    elementGroup: -1
    m_TextureGroup: -1
  - m_Indexes: 410000004200000043000000410000004300000044000000440000004300000045000000440000004500000046000000
    m_SmoothingGroup: 8
    m_Uv:
      m_UseWorldSpace: 0
      m_FlipU: 0
      m_FlipV: 0
      m_SwapUV: 0
      m_Fill: 1
      m_Scale: {x: 1, y: 1}
      m_Offset: {x: 0, y: 0}
      m_Rotation: 0
      m_Anchor: 9
    m_Material: {fileID: 0}
    m_SubmeshIndex: 1
    m_ManualUV: 1
    elementGroup: -1
    m_TextureGroup: -1
  - m_Indexes: 5a0000005b0000005700000058000000590000005a000000580000005a00000057000000
    m_SmoothingGroup: 0
    m_Uv:
      m_UseWorldSpace: 0
      m_FlipU: 0
      m_FlipV: 0
      m_SwapUV: 0
      m_Fill: 1
      m_Scale: {x: 1, y: 1}
      m_Offset: {x: 0, y: 0}
      m_Rotation: 0
      m_Anchor: 9
    m_Material: {fileID: 2100000, guid: c22777d6e868e4f2fb421913386b154e, type: 2}
    m_SubmeshIndex: 0
    m_ManualUV: 0
    elementGroup: 0
    m_TextureGroup: -1
  - m_Indexes: 600000005d0000005f0000005d0000005e0000005f000000600000005c0000005d000000
    m_SmoothingGroup: 0
    m_Uv:
      m_UseWorldSpace: 0
      m_FlipU: 0
      m_FlipV: 0
      m_SwapUV: 0
      m_Fill: 1
      m_Scale: {x: 1, y: 1}
      m_Offset: {x: 0, y: 0}
      m_Rotation: 0
      m_Anchor: 9
    m_Material: {fileID: 2100000, guid: c22777d6e868e4f2fb421913386b154e, type: 2}
    m_SubmeshIndex: 0
    m_ManualUV: 0
    elementGroup: 0
    m_TextureGroup: -1
  - m_Indexes: 640000006200000063000000640000006500000062000000620000006500000061000000
    m_SmoothingGroup: 0
    m_Uv:
      m_UseWorldSpace: 0
      m_FlipU: 0
      m_FlipV: 0
      m_SwapUV: 0
      m_Fill: 1
      m_Scale: {x: 0.9999997, y: 0.9999965}
      m_Offset: {x: 0.0000038146973, y: -30.599895}
      m_Rotation: 360
      m_Anchor: 9
    m_Material: {fileID: 2100000, guid: c22777d6e868e4f2fb421913386b154e, type: 2}
    m_SubmeshIndex: 0
    m_ManualUV: 0
    elementGroup: 0
    m_TextureGroup: -1
  - m_Indexes: 690000006a00000066000000670000006900000066000000690000006700000068000000
    m_SmoothingGroup: 0
    m_Uv:
      m_UseWorldSpace: 0
      m_FlipU: 0
      m_FlipV: 0
      m_SwapUV: 0
      m_Fill: 1
      m_Scale: {x: 0.99999976, y: 1.0000035}
      m_Offset: {x: -0.0000038146973, y: -30.60011}
      m_Rotation: 360
      m_Anchor: 9
    m_Material: {fileID: 2100000, guid: c22777d6e868e4f2fb421913386b154e, type: 2}
    m_SubmeshIndex: 0
    m_ManualUV: 0
    elementGroup: 0
    m_TextureGroup: -1
  - m_Indexes: 6d0000006e0000006c0000006c0000006e0000006b000000
    m_SmoothingGroup: 4
    m_Uv:
      m_UseWorldSpace: 0
      m_FlipU: 0
      m_FlipV: 0
      m_SwapUV: 0
      m_Fill: 1
      m_Scale: {x: 1, y: 1}
      m_Offset: {x: 0, y: 0}
      m_Rotation: 0
      m_Anchor: 9
    m_Material: {fileID: 2100000, guid: c22777d6e868e4f2fb421913386b154e, type: 2}
    m_SubmeshIndex: 0
    m_ManualUV: 1
    elementGroup: 0
    m_TextureGroup: -1
  - m_Indexes: 730000006f00000072000000720000006f00000070000000720000007000000071000000
    m_SmoothingGroup: 5
    m_Uv:
      m_UseWorldSpace: 0
      m_FlipU: 0
      m_FlipV: 0
      m_SwapUV: 0
      m_Fill: 1
      m_Scale: {x: 1, y: 1}
      m_Offset: {x: 0, y: 0}
      m_Rotation: 0
      m_Anchor: 9
    m_Material: {fileID: 2100000, guid: c22777d6e868e4f2fb421913386b154e, type: 2}
    m_SubmeshIndex: 0
    m_ManualUV: 1
    elementGroup: 0
    m_TextureGroup: -1
  - m_Indexes: 770000007500000076000000780000007400000077000000770000007400000075000000
    m_SmoothingGroup: 5
    m_Uv:
      m_UseWorldSpace: 0
      m_FlipU: 0
      m_FlipV: 0
      m_SwapUV: 0
      m_Fill: 1
      m_Scale: {x: 1, y: 1}
      m_Offset: {x: 0, y: 0}
      m_Rotation: 0
      m_Anchor: 9
    m_Material: {fileID: 2100000, guid: c22777d6e868e4f2fb421913386b154e, type: 2}
    m_SubmeshIndex: 0
    m_ManualUV: 1
    elementGroup: 0
    m_TextureGroup: -1
  - m_Indexes: 7a0000007c0000007d0000007a0000007d000000790000007c0000007a0000007b000000
    m_SmoothingGroup: 4
    m_Uv:
      m_UseWorldSpace: 0
      m_FlipU: 0
      m_FlipV: 0
      m_SwapUV: 0
      m_Fill: 1
      m_Scale: {x: 1, y: 1}
      m_Offset: {x: 0, y: 0}
      m_Rotation: 0
      m_Anchor: 9
    m_Material: {fileID: 2100000, guid: c22777d6e868e4f2fb421913386b154e, type: 2}
    m_SubmeshIndex: 0
    m_ManualUV: 1
    elementGroup: 0
    m_TextureGroup: -1
  - m_Indexes: 7e0000007f000000800000007e0000008000000082000000820000008000000081000000
    m_SmoothingGroup: 7
    m_Uv:
      m_UseWorldSpace: 0
      m_FlipU: 0
      m_FlipV: 0
      m_SwapUV: 0
      m_Fill: 1
      m_Scale: {x: 1, y: 1}
      m_Offset: {x: 0, y: 0}
      m_Rotation: 0
      m_Anchor: 9
    m_Material: {fileID: 2100000, guid: c22777d6e868e4f2fb421913386b154e, type: 2}
    m_SubmeshIndex: 1
    m_ManualUV: 1
    elementGroup: 0
    m_TextureGroup: -1
  - m_Indexes: 840000008500000083000000830000008500000087000000870000008500000086000000
    m_SmoothingGroup: 7
    m_Uv:
      m_UseWorldSpace: 0
      m_FlipU: 0
      m_FlipV: 0
      m_SwapUV: 0
      m_Fill: 1
      m_Scale: {x: 1, y: 1}
      m_Offset: {x: 0, y: 0}
      m_Rotation: 0
      m_Anchor: 9
    m_Material: {fileID: 2100000, guid: c22777d6e868e4f2fb421913386b154e, type: 2}
    m_SubmeshIndex: 1
    m_ManualUV: 1
    elementGroup: 0
    m_TextureGroup: -1
  - m_Indexes: 8a0000008b0000008c0000008c000000880000008a00000088000000890000008a000000
    m_SmoothingGroup: 0
    m_Uv:
      m_UseWorldSpace: 0
      m_FlipU: 0
      m_FlipV: 0
      m_SwapUV: 0
      m_Fill: 1
      m_Scale: {x: 0.9999999, y: 0.9999999}
      m_Offset: {x: -0.40603253, y: 3.8283734}
      m_Rotation: 0
      m_Anchor: 9
    m_Material: {fileID: 2100000, guid: c22777d6e868e4f2fb421913386b154e, type: 2}
    m_SubmeshIndex: 1
    m_ManualUV: 0
    elementGroup: 0
    m_TextureGroup: -1
  - m_Indexes: 90000000910000008f0000008f000000910000008e0000008e000000910000008d000000
    m_SmoothingGroup: 0
    m_Uv:
      m_UseWorldSpace: 0
      m_FlipU: 0
      m_FlipV: 0
      m_SwapUV: 0
      m_Fill: 1
      m_Scale: {x: 1.0000011, y: 1}
      m_Offset: {x: 0.406049, y: 3.828374}
      m_Rotation: 0
      m_Anchor: 9
    m_Material: {fileID: 2100000, guid: c22777d6e868e4f2fb421913386b154e, type: 2}
    m_SubmeshIndex: 1
    m_ManualUV: 0
    elementGroup: 0
    m_TextureGroup: -1
  - m_Indexes: 970000009200000093000000940000009500000093000000930000009500000096000000960000009700000093000000
    m_SmoothingGroup: 0
    m_Uv:
      m_UseWorldSpace: 0
      m_FlipU: 0
      m_FlipV: 0
      m_SwapUV: 0
      m_Fill: 1
      m_Scale: {x: 1, y: 1}
      m_Offset: {x: 0, y: 0}
      m_Rotation: 0
      m_Anchor: 9
    m_Material: {fileID: 2100000, guid: c22777d6e868e4f2fb421913386b154e, type: 2}
    m_SubmeshIndex: 0
    m_ManualUV: 0
    elementGroup: 0
    m_TextureGroup: -1
  - m_Indexes: 98000000990000009a0000009b000000980000009a000000
    m_SmoothingGroup: 2
    m_Uv:
      m_UseWorldSpace: 0
      m_FlipU: 0
      m_FlipV: 0
      m_SwapUV: 0
      m_Fill: 1
      m_Scale: {x: 1, y: 1}
      m_Offset: {x: 0, y: 0}
      m_Rotation: 0
      m_Anchor: 9
    m_Material: {fileID: 2100000, guid: c22777d6e868e4f2fb421913386b154e, type: 2}
    m_SubmeshIndex: 0
    m_ManualUV: 1
    elementGroup: 0
    m_TextureGroup: 3
  - m_Indexes: 9c0000009d0000009e0000009f0000009c0000009e000000
    m_SmoothingGroup: 2
    m_Uv:
      m_UseWorldSpace: 0
      m_FlipU: 0
      m_FlipV: 0
      m_SwapUV: 0
      m_Fill: 1
      m_Scale: {x: 1, y: 1}
      m_Offset: {x: 0, y: 0}
      m_Rotation: 0
      m_Anchor: 9
    m_Material: {fileID: 2100000, guid: c22777d6e868e4f2fb421913386b154e, type: 2}
    m_SubmeshIndex: 0
    m_ManualUV: 1
    elementGroup: 0
    m_TextureGroup: 3
  - m_Indexes: a3000000a0000000a1000000a2000000a3000000a1000000
    m_SmoothingGroup: 2
    m_Uv:
      m_UseWorldSpace: 0
      m_FlipU: 0
      m_FlipV: 0
      m_SwapUV: 0
      m_Fill: 1
      m_Scale: {x: 1, y: 1}
      m_Offset: {x: 0, y: 0}
      m_Rotation: 0
      m_Anchor: 9
    m_Material: {fileID: 2100000, guid: c22777d6e868e4f2fb421913386b154e, type: 2}
    m_SubmeshIndex: 0
    m_ManualUV: 1
    elementGroup: 0
    m_TextureGroup: 3
  - m_Indexes: a6000000a7000000a4000000a5000000a6000000a4000000
    m_SmoothingGroup: 2
    m_Uv:
      m_UseWorldSpace: 0
      m_FlipU: 0
      m_FlipV: 0
      m_SwapUV: 0
      m_Fill: 1
      m_Scale: {x: 1, y: 1}
      m_Offset: {x: 0, y: 0}
      m_Rotation: 0
      m_Anchor: 9
    m_Material: {fileID: 2100000, guid: c22777d6e868e4f2fb421913386b154e, type: 2}
    m_SubmeshIndex: 0
    m_ManualUV: 1
    elementGroup: 0
    m_TextureGroup: 3
  - m_Indexes: ab000000a8000000aa000000aa000000a8000000a9000000
    m_SmoothingGroup: 2
    m_Uv:
      m_UseWorldSpace: 0
      m_FlipU: 0
      m_FlipV: 0
      m_SwapUV: 0
      m_Fill: 1
      m_Scale: {x: 1, y: 1}
      m_Offset: {x: 0, y: 0}
      m_Rotation: 0
      m_Anchor: 9
    m_Material: {fileID: 2100000, guid: c22777d6e868e4f2fb421913386b154e, type: 2}
    m_SubmeshIndex: 0
    m_ManualUV: 1
    elementGroup: 0
    m_TextureGroup: 4
  - m_Indexes: ac000000ae000000af000000ac000000ad000000ae000000
    m_SmoothingGroup: 2
    m_Uv:
      m_UseWorldSpace: 0
      m_FlipU: 0
      m_FlipV: 0
      m_SwapUV: 0
      m_Fill: 1
      m_Scale: {x: 1, y: 1}
      m_Offset: {x: 0, y: 0}
      m_Rotation: 0
      m_Anchor: 9
    m_Material: {fileID: 2100000, guid: c22777d6e868e4f2fb421913386b154e, type: 2}
    m_SubmeshIndex: 0
    m_ManualUV: 1
    elementGroup: 0
    m_TextureGroup: 4
  - m_Indexes: b3000000b1000000b2000000b1000000b3000000b0000000
    m_SmoothingGroup: 2
    m_Uv:
      m_UseWorldSpace: 0
      m_FlipU: 0
      m_FlipV: 0
      m_SwapUV: 0
      m_Fill: 1
      m_Scale: {x: 1, y: 1}
      m_Offset: {x: 0, y: 0}
      m_Rotation: 0
      m_Anchor: 9
    m_Material: {fileID: 2100000, guid: c22777d6e868e4f2fb421913386b154e, type: 2}
    m_SubmeshIndex: 0
    m_ManualUV: 1
    elementGroup: 0
    m_TextureGroup: 4
  - m_Indexes: b6000000b4000000b5000000b4000000b6000000b7000000
    m_SmoothingGroup: 2
    m_Uv:
      m_UseWorldSpace: 0
      m_FlipU: 0
      m_FlipV: 0
      m_SwapUV: 0
      m_Fill: 1
      m_Scale: {x: 1, y: 1}
      m_Offset: {x: 0, y: 0}
      m_Rotation: 0
      m_Anchor: 9
    m_Material: {fileID: 2100000, guid: c22777d6e868e4f2fb421913386b154e, type: 2}
    m_SubmeshIndex: 0
    m_ManualUV: 1
    elementGroup: 0
    m_TextureGroup: 4
  - m_Indexes: b9000000ba000000bb000000b8000000b9000000bb000000
    m_SmoothingGroup: 2
    m_Uv:
      m_UseWorldSpace: 0
      m_FlipU: 0
      m_FlipV: 0
      m_SwapUV: 0
      m_Fill: 1
      m_Scale: {x: 1, y: 1}
      m_Offset: {x: 0, y: 0}
      m_Rotation: 0
      m_Anchor: 9
    m_Material: {fileID: 2100000, guid: c22777d6e868e4f2fb421913386b154e, type: 2}
    m_SubmeshIndex: 0
    m_ManualUV: 1
    elementGroup: 0
    m_TextureGroup: 4
  - m_Indexes: bc000000bd000000be000000bc000000be000000bf000000
    m_SmoothingGroup: 2
    m_Uv:
      m_UseWorldSpace: 0
      m_FlipU: 0
      m_FlipV: 0
      m_SwapUV: 0
      m_Fill: 1
      m_Scale: {x: 1, y: 1}
      m_Offset: {x: 0, y: 0}
      m_Rotation: 0
      m_Anchor: 9
    m_Material: {fileID: 2100000, guid: c22777d6e868e4f2fb421913386b154e, type: 2}
    m_SubmeshIndex: 0
    m_ManualUV: 1
    elementGroup: 0
    m_TextureGroup: 4
  - m_Indexes: c1000000c2000000c3000000c0000000c1000000c3000000
    m_SmoothingGroup: 2
    m_Uv:
      m_UseWorldSpace: 0
      m_FlipU: 0
      m_FlipV: 0
      m_SwapUV: 0
      m_Fill: 1
      m_Scale: {x: 1, y: 1}
      m_Offset: {x: 0, y: 0}
      m_Rotation: 0
      m_Anchor: 9
    m_Material: {fileID: 2100000, guid: c22777d6e868e4f2fb421913386b154e, type: 2}
    m_SubmeshIndex: 0
    m_ManualUV: 1
    elementGroup: 0
    m_TextureGroup: 4
  - m_Indexes: c4000000c5000000c7000000c5000000c6000000c7000000
    m_SmoothingGroup: 2
    m_Uv:
      m_UseWorldSpace: 0
      m_FlipU: 0
      m_FlipV: 0
      m_SwapUV: 0
      m_Fill: 1
      m_Scale: {x: 1, y: 1}
      m_Offset: {x: 0, y: 0}
      m_Rotation: 0
      m_Anchor: 9
    m_Material: {fileID: 2100000, guid: c22777d6e868e4f2fb421913386b154e, type: 2}
    m_SubmeshIndex: 0
    m_ManualUV: 1
    elementGroup: 0
    m_TextureGroup: 4
  - m_Indexes: c8000000c9000000ca000000cb000000c8000000ca000000
    m_SmoothingGroup: 2
    m_Uv:
      m_UseWorldSpace: 0
      m_FlipU: 0
      m_FlipV: 0
      m_SwapUV: 0
      m_Fill: 1
      m_Scale: {x: 1, y: 1}
      m_Offset: {x: 0, y: 0}
      m_Rotation: 0
      m_Anchor: 9
    m_Material: {fileID: 2100000, guid: c22777d6e868e4f2fb421913386b154e, type: 2}
    m_SubmeshIndex: 0
    m_ManualUV: 1
    elementGroup: 0
    m_TextureGroup: 4
  - m_Indexes: ce000000cf000000cd000000cd000000cf000000cc000000
    m_SmoothingGroup: 2
    m_Uv:
      m_UseWorldSpace: 0
      m_FlipU: 0
      m_FlipV: 0
      m_SwapUV: 0
      m_Fill: 1
      m_Scale: {x: 1, y: 1}
      m_Offset: {x: 0, y: 0}
      m_Rotation: 0
      m_Anchor: 9
    m_Material: {fileID: 2100000, guid: c22777d6e868e4f2fb421913386b154e, type: 2}
    m_SubmeshIndex: 0
    m_ManualUV: 1
    elementGroup: 0
    m_TextureGroup: 5
  - m_Indexes: d2000000d3000000d1000000d3000000d0000000d1000000
    m_SmoothingGroup: 2
    m_Uv:
      m_UseWorldSpace: 0
      m_FlipU: 0
      m_FlipV: 0
      m_SwapUV: 0
      m_Fill: 1
      m_Scale: {x: 1, y: 1}
      m_Offset: {x: 0, y: 0}
      m_Rotation: 0
      m_Anchor: 9
    m_Material: {fileID: 2100000, guid: c22777d6e868e4f2fb421913386b154e, type: 2}
    m_SubmeshIndex: 0
    m_ManualUV: 1
    elementGroup: 0
    m_TextureGroup: 5
  - m_Indexes: d6000000d4000000d5000000d6000000d7000000d4000000
    m_SmoothingGroup: 2
    m_Uv:
      m_UseWorldSpace: 0
      m_FlipU: 0
      m_FlipV: 0
      m_SwapUV: 0
      m_Fill: 1
      m_Scale: {x: 1, y: 1}
      m_Offset: {x: 0, y: 0}
      m_Rotation: 0
      m_Anchor: 9
    m_Material: {fileID: 2100000, guid: c22777d6e868e4f2fb421913386b154e, type: 2}
    m_SubmeshIndex: 0
    m_ManualUV: 1
    elementGroup: 0
    m_TextureGroup: 5
  - m_Indexes: d8000000d9000000da000000d8000000da000000db000000
    m_SmoothingGroup: 2
    m_Uv:
      m_UseWorldSpace: 0
      m_FlipU: 0
      m_FlipV: 0
      m_SwapUV: 0
      m_Fill: 1
      m_Scale: {x: 1, y: 1}
      m_Offset: {x: 0, y: 0}
      m_Rotation: 0
      m_Anchor: 9
    m_Material: {fileID: 2100000, guid: c22777d6e868e4f2fb421913386b154e, type: 2}
    m_SubmeshIndex: 0
    m_ManualUV: 1
    elementGroup: 0
    m_TextureGroup: 5
  - m_Indexes: dc000000dd000000df000000df000000dd000000de000000
    m_SmoothingGroup: 2
    m_Uv:
      m_UseWorldSpace: 0
      m_FlipU: 0
      m_FlipV: 0
      m_SwapUV: 0
      m_Fill: 1
      m_Scale: {x: 1, y: 1}
      m_Offset: {x: 0, y: 0}
      m_Rotation: 0
      m_Anchor: 9
    m_Material: {fileID: 2100000, guid: c22777d6e868e4f2fb421913386b154e, type: 2}
    m_SubmeshIndex: 0
    m_ManualUV: 1
    elementGroup: 0
    m_TextureGroup: 5
  - m_Indexes: e3000000e0000000e2000000e0000000e1000000e2000000
    m_SmoothingGroup: 2
    m_Uv:
      m_UseWorldSpace: 0
      m_FlipU: 0
      m_FlipV: 0
      m_SwapUV: 0
      m_Fill: 1
      m_Scale: {x: 1, y: 1}
      m_Offset: {x: 0, y: 0}
      m_Rotation: 0
      m_Anchor: 9
    m_Material: {fileID: 2100000, guid: c22777d6e868e4f2fb421913386b154e, type: 2}
    m_SubmeshIndex: 0
    m_ManualUV: 1
    elementGroup: 0
    m_TextureGroup: 5
  - m_Indexes: e4000000e5000000e6000000e4000000e6000000e7000000
    m_SmoothingGroup: 2
    m_Uv:
      m_UseWorldSpace: 0
      m_FlipU: 0
      m_FlipV: 0
      m_SwapUV: 0
      m_Fill: 1
      m_Scale: {x: 1, y: 1}
      m_Offset: {x: 0, y: 0}
      m_Rotation: 0
      m_Anchor: 9
    m_Material: {fileID: 2100000, guid: c22777d6e868e4f2fb421913386b154e, type: 2}
    m_SubmeshIndex: 0
    m_ManualUV: 1
    elementGroup: 0
    m_TextureGroup: 6
  - m_Indexes: e8000000e9000000ea000000e8000000ea000000eb000000
    m_SmoothingGroup: 2
    m_Uv:
      m_UseWorldSpace: 0
      m_FlipU: 0
      m_FlipV: 0
      m_SwapUV: 0
      m_Fill: 1
      m_Scale: {x: 1, y: 1}
      m_Offset: {x: 0, y: 0}
      m_Rotation: 0
      m_Anchor: 9
    m_Material: {fileID: 2100000, guid: c22777d6e868e4f2fb421913386b154e, type: 2}
    m_SubmeshIndex: 0
    m_ManualUV: 1
    elementGroup: 0
    m_TextureGroup: 6
  - m_Indexes: ef000000ec000000ed000000ee000000ef000000ed000000
    m_SmoothingGroup: 2
    m_Uv:
      m_UseWorldSpace: 0
      m_FlipU: 0
      m_FlipV: 0
      m_SwapUV: 0
      m_Fill: 1
      m_Scale: {x: 1, y: 1}
      m_Offset: {x: 0, y: 0}
      m_Rotation: 0
      m_Anchor: 9
    m_Material: {fileID: 2100000, guid: c22777d6e868e4f2fb421913386b154e, type: 2}
    m_SubmeshIndex: 0
    m_ManualUV: 1
    elementGroup: 0
    m_TextureGroup: 6
  - m_Indexes: f1000000f2000000f0000000f2000000f3000000f0000000
    m_SmoothingGroup: 2
    m_Uv:
      m_UseWorldSpace: 0
      m_FlipU: 0
      m_FlipV: 0
      m_SwapUV: 0
      m_Fill: 1
      m_Scale: {x: 1, y: 1}
      m_Offset: {x: 0, y: 0}
      m_Rotation: 0
      m_Anchor: 9
    m_Material: {fileID: 2100000, guid: c22777d6e868e4f2fb421913386b154e, type: 2}
    m_SubmeshIndex: 0
    m_ManualUV: 1
    elementGroup: 0
    m_TextureGroup: 6
  - m_Indexes: f6000000f7000000f4000000f6000000f4000000f5000000
    m_SmoothingGroup: 2
    m_Uv:
      m_UseWorldSpace: 0
      m_FlipU: 0
      m_FlipV: 0
      m_SwapUV: 0
      m_Fill: 1
      m_Scale: {x: 1, y: 1}
      m_Offset: {x: 0, y: 0}
      m_Rotation: 0
      m_Anchor: 9
    m_Material: {fileID: 2100000, guid: c22777d6e868e4f2fb421913386b154e, type: 2}
    m_SubmeshIndex: 0
    m_ManualUV: 1
    elementGroup: 0
    m_TextureGroup: 8
  - m_Indexes: fa000000fb000000f8000000fa000000f8000000f9000000
    m_SmoothingGroup: 2
    m_Uv:
      m_UseWorldSpace: 0
      m_FlipU: 0
      m_FlipV: 0
      m_SwapUV: 0
      m_Fill: 1
      m_Scale: {x: 1, y: 1}
      m_Offset: {x: 0, y: 0}
      m_Rotation: 0
      m_Anchor: 9
    m_Material: {fileID: 2100000, guid: c22777d6e868e4f2fb421913386b154e, type: 2}
    m_SubmeshIndex: 0
    m_ManualUV: 1
    elementGroup: 0
    m_TextureGroup: 8
  - m_Indexes: fe000000fc000000fd000000fe000000ff000000fc000000
    m_SmoothingGroup: 2
    m_Uv:
      m_UseWorldSpace: 0
      m_FlipU: 0
      m_FlipV: 0
      m_SwapUV: 0
      m_Fill: 1
      m_Scale: {x: 1, y: 1}
      m_Offset: {x: 0, y: 0}
      m_Rotation: 0
      m_Anchor: 9
    m_Material: {fileID: 2100000, guid: c22777d6e868e4f2fb421913386b154e, type: 2}
    m_SubmeshIndex: 0
    m_ManualUV: 1
    elementGroup: 0
    m_TextureGroup: 8
  - m_Indexes: 010100000301000000010000010100000201000003010000
    m_SmoothingGroup: 2
    m_Uv:
      m_UseWorldSpace: 0
      m_FlipU: 0
      m_FlipV: 0
      m_SwapUV: 0
      m_Fill: 1
      m_Scale: {x: 1, y: 1}
      m_Offset: {x: 0, y: 0}
      m_Rotation: 0
      m_Anchor: 9
    m_Material: {fileID: 2100000, guid: c22777d6e868e4f2fb421913386b154e, type: 2}
    m_SubmeshIndex: 0
    m_ManualUV: 1
    elementGroup: 0
    m_TextureGroup: 8
  m_SharedVertices:
  - m_Vertices: 0000000060000000
  - m_Vertices: 010000005f000000
  - m_Vertices: 0200000057000000
  - m_Vertices: 0300000058000000
  - m_Vertices: 0400000067000000
  - m_Vertices: 0500000066000000
  - m_Vertices: 0600000064000000
  - m_Vertices: 0700000065000000
  - m_Vertices: 080000001c0000002a00000034000000
  - m_Vertices: 090000000c00000029000000
  - m_Vertices: 0a0000000b000000
  - m_Vertices: 1200000010000000
  - m_Vertices: 130000003f000000530000008e000000
  - m_Vertices: 1400000021000000250000000e00000015000000
  - m_Vertices: 220000000d00000070000000
  - m_Vertices: 23000000260000006f00000075000000
  - m_Vertices: 240000001100000074000000
  - m_Vertices: 2b00000031000000320000007c000000
  - m_Vertices: 2c000000190000001b00000035000000
  - m_Vertices: 2d000000180000007d000000
  - m_Vertices: 360000003c0000003d000000
  - m_Vertices: 37000000
  - m_Vertices: 38000000
  - m_Vertices: 0f00000017000000
  - m_Vertices: 16000000500000004200000088000000
  - m_Vertices: 1a0000004800000045000000
  - m_Vertices: 1d0000003a0000004d000000
  - m_Vertices: 1e0000002e00000047000000460000007b000000c5000000
  - m_Vertices: 1f000000390000004e000000
  - m_Vertices: 200000002f0000006b000000e9000000
  - m_Vertices: 2700000030000000330000006e000000
  - m_Vertices: 280000006d000000e4000000
  - m_Vertices: 3b0000003e000000
  - m_Vertices: 400000008d00000094000000bd000000d5000000
  - m_Vertices: 490000004c000000
  - m_Vertices: 4a0000004b000000
  - m_Vertices: 4f00000054000000
  - m_Vertices: 51000000560000008000000084000000
  - m_Vertices: 52000000850000008c000000
  - m_Vertices: 550000007f0000008f000000
  - m_Vertices: 410000008900000092000000c1000000cc000000
  - m_Vertices: 43000000
  - m_Vertices: 44000000
  - m_Vertices: 5a000000fe00000000010000
  - m_Vertices: 5b000000fd000000
  - m_Vertices: 5900000001010000
  - m_Vertices: 5d000000f5000000f8000000
  - m_Vertices: 5e000000f4000000
  - m_Vertices: 5c000000f9000000
  - m_Vertices: 62000000a2000000a4000000
  - m_Vertices: 63000000a1000000
  - m_Vertices: 61000000a5000000
  - m_Vertices: 69000000990000009c000000
  - m_Vertices: 6a00000098000000
  - m_Vertices: 680000009d000000
  - m_Vertices: 6c000000e5000000e8000000
  - m_Vertices: 7300000076000000b1000000
  - m_Vertices: 72000000b2000000b4000000
  - m_Vertices: 71000000b5000000f1000000
  - m_Vertices: 77000000ae000000b0000000
  - m_Vertices: 78000000ad000000
  - m_Vertices: 7a000000c6000000c8000000
  - m_Vertices: 79000000c9000000
  - m_Vertices: 7e00000090000000d9000000
  - m_Vertices: 82000000da000000dc000000
  - m_Vertices: 8100000083000000dd000000
  - m_Vertices: 87000000de000000e0000000
  - m_Vertices: 860000008b00000096000000e1000000
  - m_Vertices: 8a00000097000000cf000000e2000000
  - m_Vertices: 91000000d6000000d8000000
  - m_Vertices: 93000000be000000c0000000
  - m_Vertices: 95000000
  - m_Vertices: 9a0000009f000000a3000000a7000000
  - m_Vertices: 9b000000a6000000
  - m_Vertices: 9e000000a0000000
  - m_Vertices: ab000000ca000000
  - m_Vertices: a8000000
  - m_Vertices: aa000000af000000b3000000b7000000bb000000bf000000c3000000c7000000cb000000
  - m_Vertices: a9000000ac000000
  - m_Vertices: b6000000b8000000ee000000f0000000
  - m_Vertices: b9000000ed000000
  - m_Vertices: ba000000bc000000
  - m_Vertices: c2000000c4000000
  - m_Vertices: ce000000d3000000d7000000db000000df000000e3000000
  - m_Vertices: cd000000d0000000
  - m_Vertices: d2000000d4000000
  - m_Vertices: d1000000
  - m_Vertices: e6000000eb000000ef000000f3000000
  - m_Vertices: e7000000f2000000
  - m_Vertices: ea000000ec000000
  - m_Vertices: f6000000fb000000ff00000003010000
  - m_Vertices: f700000002010000
  - m_Vertices: fa000000fc000000
  m_SharedTextures: []
  m_Positions:
  - {x: 0, y: 0.00000052180025, z: 0.3802986}
  - {x: 15.888512, y: 0.00000047683716, z: 0.3802966}
  - {x: 0, y: 7.6567473, z: 0.3802977}
  - {x: 15.888512, y: 7.6567473, z: 0.38029563}
  - {x: 15.900341, y: 0.0000009536743, z: -31.028236}
  - {x: 0.0000038146973, y: 0.00000090152025, z: -31.028236}
  - {x: 15.900342, y: 7.6567473, z: -31.028236}
  - {x: 0.0000038146973, y: 7.6567473, z: -31.028233}
  - {x: -0.81029713, y: 0.00000047683716, z: -12.512809}
  - {x: -0.81029904, y: 0.00000047683716, z: -0.15507615}
  - {x: -0.81029713, y: 3.1222663, z: -12.512811}
  - {x: -0.81029713, y: 3.1222658, z: -12.512809}
  - {x: -0.81029904, y: 0.00000047683716, z: -0.15507615}
  - {x: -0.81029904, y: 7.6567473, z: -0.15507615}
  - {x: -0.81029713, y: 7.6567473, z: -12.512811}
  - {x: -0.8102952, y: 3.3284268, z: -30.460003}
  - {x: -0.81029713, y: 3.3284268, z: -13.328782}
  - {x: -0.8102952, y: 7.6567473, z: -30.460003}
  - {x: -0.81029713, y: 3.328427, z: -13.328781}
  - {x: -0.81029713, y: 3.328427, z: -12.512809}
  - {x: -0.81029713, y: 7.6567473, z: -12.512811}
  - {x: -0.81029713, y: 7.6567473, z: -12.512811}
  - {x: -0.81029713, y: 3.3284268, z: -15.412809}
  - {x: -0.8102952, y: 3.3284268, z: -30.460003}
  - {x: -0.8102952, y: 0.00000047683716, z: -30.460003}
  - {x: -0.810297, y: 0.00000047683716, z: -15.398435}
  - {x: -0.810297, y: 0.028427124, z: -15.386679}
  - {x: -0.810297, y: 0.00000047683716, z: -15.398435}
  - {x: -0.81029713, y: 0.00000047683716, z: -12.512809}
  - {x: -0.81029713, y: 0.028427124, z: -12.512809}
  - {x: -0.0017661232, y: 0.02483952, z: -15.456453}
  - {x: -0.0017662051, y: 0.028418541, z: -12.512809}
  - {x: -0.0017662051, y: 0.0000009536743, z: -12.512809}
  - {x: -0.81029713, y: 7.6567473, z: -12.512809}
  - {x: -0.81029904, y: 7.6567473, z: -0.15507615}
  - {x: -0.4805966, y: 7.6567473, z: -12.512809}
  - {x: -0.8102952, y: 7.6567473, z: -30.460003}
  - {x: -0.81029713, y: 7.6567473, z: -12.512809}
  - {x: -0.4805966, y: 7.6567473, z: -12.512809}
  - {x: -0.3314686, y: 0.00000071525574, z: -12.512809}
  - {x: -0.0017700049, y: 0.0000009536743, z: -0.155077}
  - {x: -0.81029904, y: 0.00000047683716, z: -0.15507615}
  - {x: -0.81029713, y: 0.00000047683716, z: -12.512811}
  - {x: -0.40884015, y: 0.00000071525574, z: -15.537852}
  - {x: -0.810297, y: 0.00000047683716, z: -15.398436}
  - {x: -0.8102952, y: 0.00000047683716, z: -30.460003}
  - {x: -0.0017661232, y: 0.02483952, z: -15.456453}
  - {x: -0.0017662051, y: 0.0000009536743, z: -12.512809}
  - {x: -0.3314686, y: 0.00000071525574, z: -12.512811}
  - {x: -0.40884015, y: 0.00000071525574, z: -15.537853}
  - {x: -0.40884015, y: 0.00000071525574, z: -15.537852}
  - {x: -0.3314686, y: 0.00000071525574, z: -12.512809}
  - {x: -0.81029713, y: 0.00000047683716, z: -12.512811}
  - {x: -0.810297, y: 0.00000047683716, z: -15.398436}
  - {x: -0.0017662051, y: 2.2235868, z: -12.512809}
  - {x: -0.0017681124, y: 3.0805464, z: -12.512809}
  - {x: -0.0017662051, y: 2.4717197, z: -12.512809}
  - {x: -0.0017662051, y: 0.028418541, z: -12.51281}
  - {x: -0.81029713, y: 0.028427124, z: -12.51281}
  - {x: -0.8102952, y: 1.0324774, z: -12.51281}
  - {x: -0.0017681124, y: 2.223587, z: -12.51281}
  - {x: -0.0017681124, y: 2.2235858, z: -12.512809}
  - {x: -0.81029713, y: 1.0324769, z: -12.51281}
  - {x: -0.81029713, y: 3.3284268, z: -12.51281}
  - {x: -0.0017681124, y: 3.3284185, z: -12.512809}
  - {x: -0.0017680355, y: 3.3284183, z: -15.41513}
  - {x: -0.81029713, y: 3.3284268, z: -15.412809}
  - {x: -0.810297, y: 2.3243988, z: -15.398435}
  - {x: -0.0017680328, y: 1.1332338, z: -15.437727}
  - {x: -0.810297, y: 0.028427124, z: -15.386679}
  - {x: -0.0017661232, y: 0.02483952, z: -15.456453}
  - {x: -0.0017661232, y: 0.02483952, z: -15.456453}
  - {x: -0.810297, y: 0.028427124, z: -15.386679}
  - {x: -0.8102952, y: 0.028427124, z: -14.530448}
  - {x: -0.0017662051, y: 0.028418541, z: -13.48369}
  - {x: -0.0017662051, y: 0.028418541, z: -13.48369}
  - {x: -0.81029713, y: 0.028427124, z: -14.530449}
  - {x: -0.8102952, y: 0.028427124, z: -12.51281}
  - {x: -0.0017662051, y: 0.028418541, z: -12.51281}
  - {x: -0.8102952, y: 3.3284268, z: -13.395125}
  - {x: -0.81029713, y: 3.3284268, z: -15.412809}
  - {x: -0.8103181, y: 3.0908394, z: -13.395125}
  - {x: -0.8103199, y: 3.0908394, z: -15.470243}
  - {x: -0.8102952, y: 3.3284268, z: -12.51281}
  - {x: -0.81029713, y: 3.3284268, z: -13.395125}
  - {x: -0.8103181, y: 3.0908394, z: -12.51281}
  - {x: -0.81032, y: 3.0908394, z: -13.395125}
  - {x: 0, y: 7.6567473, z: 0.3802977}
  - {x: 15.888512, y: 7.6567473, z: 0.38029563}
  - {x: 15.888512, y: 7.6567473, z: -0.42823145}
  - {x: 7.944256, y: 7.6567473, z: -0.42823038}
  - {x: 0, y: 7.6567473, z: -0.4282293}
  - {x: 0, y: 0.0000009022531, z: -0.4282322}
  - {x: 7.944256, y: 0.0000009279637, z: -0.42823327}
  - {x: 15.888512, y: 0.0000009536743, z: -0.4282343}
  - {x: 15.888512, y: 0.00000047683716, z: 0.3802966}
  - {x: 0, y: 0.00000052180025, z: 0.3802986}
  - {x: 0.0000038146973, y: 7.6567473, z: -30.219706}
  - {x: 7.9501724, y: 7.6567473, z: -30.219707}
  - {x: 15.900341, y: 7.6567473, z: -30.219707}
  - {x: 15.900342, y: 7.6567473, z: -31.028236}
  - {x: 0.0000038146973, y: 7.6567473, z: -31.028233}
  - {x: 0.0000038146973, y: 0.00000090152025, z: -31.028236}
  - {x: 15.900341, y: 0.0000009536743, z: -31.028236}
  - {x: 15.900341, y: 0.00000047683716, z: -30.219704}
  - {x: 7.9501724, y: 0.0000004991889, z: -30.219704}
  - {x: 0.0000038146973, y: 0.00000052154064, z: -30.219704}
  - {x: -0.0017662051, y: 0.0000009536743, z: -12.512809}
  - {x: -0.0017671513, y: 0.0000009536743, z: -6.333963}
  - {x: -0.0017680975, y: 0.0000009536743, z: -0.15511705}
  - {x: -0.3314686, y: 0.00000071525574, z: -12.512811}
  - {x: -0.4805966, y: 7.6567473, z: -12.512809}
  - {x: -0.81029904, y: 7.6567473, z: -0.15507615}
  - {x: -0.0017719122, y: 7.6567473, z: -0.15507604}
  - {x: -0.001770966, y: 7.6567473, z: -6.3339424}
  - {x: -0.0017700198, y: 7.6567473, z: -12.512809}
  - {x: -0.8102952, y: 7.6567473, z: -30.460003}
  - {x: -0.4805966, y: 7.6567473, z: -12.512809}
  - {x: -0.0017700198, y: 7.6567473, z: -12.512809}
  - {x: -0.0017690661, y: 7.6567473, z: -21.486406}
  - {x: -0.0017681124, y: 7.6567473, z: -30.460003}
  - {x: -0.0017642977, y: 0.0000009536743, z: -30.460003}
  - {x: -0.0017652104, y: 0.012420237, z: -22.95823}
  - {x: -0.0017661232, y: 0.02483952, z: -15.456453}
  - {x: -0.40884015, y: 0.00000071525574, z: -15.537853}
  - {x: -0.8102952, y: 0.00000047683716, z: -30.460003}
  - {x: -0.0017910006, y: 3.0908308, z: -12.512809}
  - {x: -0.8103181, y: 3.0908394, z: -12.51281}
  - {x: -0.81032, y: 3.0908394, z: -13.395125}
  - {x: -0.0017910006, y: 3.0908308, z: -14.441879}
  - {x: -0.0017910006, y: 3.0908308, z: -13.4773445}
  - {x: -0.0017910006, y: 3.0908308, z: -14.44188}
  - {x: -0.8103181, y: 3.0908394, z: -13.395125}
  - {x: -0.8103199, y: 3.0908394, z: -15.470243}
  - {x: 0.00023229783, y: 3.0949638, z: -15.425214}
  - {x: -0.0007793514, y: 3.0928974, z: -14.933547}
  - {x: -0.81029713, y: 3.3284268, z: -15.412809}
  - {x: -0.0017680355, y: 3.3284183, z: -15.41513}
  - {x: -0.0007678688, y: 3.211691, z: -15.420172}
  - {x: 0.00023229783, y: 3.0949638, z: -15.425214}
  - {x: -0.8103199, y: 3.0908394, z: -15.470243}
  - {x: -0.0017681124, y: 3.3284183, z: -12.512809}
  - {x: -0.8102952, y: 3.3284268, z: -12.51281}
  - {x: -0.8103181, y: 3.0908394, z: -12.51281}
  - {x: -0.0017910006, y: 3.0908308, z: -12.512809}
  - {x: -0.0017795565, y: 3.2096245, z: -12.512809}
  - {x: -0.0017680355, y: 3.3284183, z: -15.41513}
  - {x: -0.001768074, y: 3.3284183, z: -13.963969}
  - {x: -0.0017681124, y: 3.3284183, z: -12.512809}
  - {x: 0.0022556477, y: 3.0990741, z: -12.51282}
  - {x: 0.00023229783, y: 3.0949638, z: -15.425214}
  - {x: -0.0007678688, y: 3.211691, z: -15.420172}
  - {x: 0.0000038146973, y: 0.00000052154064, z: -30.219704}
  - {x: 7.9501724, y: 0.0000004991889, z: -30.219704}
  - {x: 7.9501724, y: 3.828374, z: -30.219704}
  - {x: 0.0000038146973, y: 3.828374, z: -30.219704}
  - {x: 7.9501724, y: 0.0000004991889, z: -30.219704}
  - {x: 15.900341, y: 0.00000047683716, z: -30.219704}
  - {x: 15.900341, y: 3.828374, z: -30.219706}
  - {x: 7.9501724, y: 3.828374, z: -30.219704}
  - {x: 15.900341, y: 3.828374, z: -30.219706}
  - {x: 15.900341, y: 7.6567473, z: -30.219707}
  - {x: 7.9501724, y: 7.6567473, z: -30.219707}
  - {x: 7.9501724, y: 3.828374, z: -30.219704}
  - {x: 7.9501724, y: 7.6567473, z: -30.219707}
  - {x: 0.0000038146973, y: 7.6567473, z: -30.219706}
  - {x: 0.0000038146973, y: 3.828374, z: -30.219704}
  - {x: 7.9501724, y: 3.828374, z: -30.219704}
  - {x: -0.0017662051, y: 3.3284185, z: -30.460003}
  - {x: -0.0017671587, y: 5.492583, z: -30.460003}
  - {x: -0.0017678812, y: 4.1683135, z: -17.771677}
  - {x: -0.0017652514, y: 1.6642097, z: -30.460003}
  - {x: -0.0017671587, y: 5.492583, z: -30.460003}
  - {x: -0.0017681124, y: 7.6567473, z: -30.460003}
  - {x: -0.0017690661, y: 7.6567473, z: -21.486406}
  - {x: -0.0017678812, y: 4.1683135, z: -17.771677}
  - {x: -0.0017690661, y: 7.6567473, z: -21.486406}
  - {x: -0.0017700198, y: 7.6567473, z: -12.512809}
  - {x: -0.001770966, y: 7.6567473, z: -6.3339424}
  - {x: -0.0017678812, y: 4.1683135, z: -17.771677}
  - {x: -0.001770966, y: 7.6567473, z: -6.3339424}
  - {x: -0.0017719122, y: 7.6567473, z: -0.15507604}
  - {x: -0.0017700123, y: 6.0956144, z: -6.3339424}
  - {x: -0.0017678812, y: 4.1683135, z: -17.771677}
  - {x: -0.0017700123, y: 6.0956144, z: -6.3339424}
  - {x: -0.0017681124, y: 4.534482, z: -12.512809}
  - {x: -0.0017681124, y: 3.9314501, z: -12.512809}
  - {x: -0.0017678812, y: 4.1683135, z: -17.771677}
  - {x: -0.0017681124, y: 3.9314501, z: -12.512809}
  - {x: -0.0017681124, y: 3.3284183, z: -12.512809}
  - {x: -0.001768074, y: 3.3284183, z: -13.963969}
  - {x: -0.0017678812, y: 4.1683135, z: -17.771677}
  - {x: -0.001768074, y: 3.3284183, z: -13.963969}
  - {x: -0.0017680355, y: 3.3284183, z: -15.41513}
  - {x: -0.0017670793, y: 1.6766288, z: -15.435791}
  - {x: -0.0017678812, y: 4.1683135, z: -17.771677}
  - {x: -0.0017670793, y: 1.6766288, z: -15.435791}
  - {x: -0.0017661232, y: 0.02483952, z: -15.456453}
  - {x: -0.0017652104, y: 0.012420237, z: -22.95823}
  - {x: -0.0017678812, y: 4.1683135, z: -17.771677}
  - {x: -0.0017652104, y: 0.012420237, z: -22.95823}
  - {x: -0.0017642977, y: 0.0000009536743, z: -30.460003}
  - {x: -0.0017652514, y: 1.6642097, z: -30.460003}
  - {x: -0.0017678812, y: 4.1683135, z: -17.771677}
  - {x: -0.0017680355, y: 3.3284183, z: -15.41513}
  - {x: -0.0017680918, y: 3.3284183, z: -14.942574}
  - {x: -0.0014423332, y: 3.2103133, z: -14.1296425}
  - {x: -0.0007678688, y: 3.211691, z: -15.420172}
  - {x: -0.0017680918, y: 3.3284183, z: -14.942574}
  - {x: -0.0017681482, y: 3.3284183, z: -14.470017}
  - {x: -0.0017681303, y: 3.3284183, z: -13.491413}
  - {x: -0.0014423332, y: 3.2103133, z: -14.1296425}
  - {x: -0.0017681303, y: 3.3284183, z: -13.491413}
  - {x: -0.0017681124, y: 3.3284183, z: -12.512809}
  - {x: -0.0017795565, y: 3.2096245, z: -12.512809}
  - {x: -0.0014423332, y: 3.2103133, z: -14.1296425}
  - {x: -0.0017795565, y: 3.2096245, z: -12.512809}
  - {x: -0.0017910006, y: 3.0908308, z: -12.512809}
  - {x: -0.0017910006, y: 3.0908308, z: -13.4773445}
  - {x: -0.0014423332, y: 3.2103133, z: -14.1296425}
  - {x: -0.0017910006, y: 3.0908308, z: -13.4773445}
  - {x: -0.0017910006, y: 3.0908308, z: -14.44188}
  - {x: -0.0007793514, y: 3.0928974, z: -14.933547}
  - {x: -0.0014423332, y: 3.2103133, z: -14.1296425}
  - {x: -0.0007793514, y: 3.0928974, z: -14.933547}
  - {x: 0.00023229783, y: 3.0949638, z: -15.425214}
  - {x: -0.0007678688, y: 3.211691, z: -15.420172}
  - {x: -0.0014423332, y: 3.2103133, z: -14.1296425}
  - {x: -0.0017680975, y: 0.0000009536743, z: -0.15507604}
  - {x: -0.0017671513, y: 0.0000009536743, z: -6.3339424}
  - {x: -0.0017685818, y: 3.0478077, z: -6.333943}
  - {x: -0.0017700049, y: 3.8283741, z: -0.15507604}
  - {x: -0.0017671513, y: 0.0000009536743, z: -6.3339424}
  - {x: -0.0017662051, y: 0.0000009536743, z: -12.512809}
  - {x: -0.0017671587, y: 2.2672415, z: -12.512809}
  - {x: -0.0017685818, y: 3.0478077, z: -6.333943}
  - {x: -0.0017671587, y: 2.2672415, z: -12.512809}
  - {x: -0.0017681124, y: 4.534482, z: -12.512809}
  - {x: -0.0017700123, y: 6.0956144, z: -6.3339424}
  - {x: -0.0017685818, y: 3.0478077, z: -6.333943}
  - {x: -0.0017700123, y: 6.0956144, z: -6.3339424}
  - {x: -0.0017719122, y: 7.6567473, z: -0.15507604}
  - {x: -0.0017700049, y: 3.8283741, z: -0.15507604}
  - {x: -0.0017685818, y: 3.0478077, z: -6.333943}
  - {x: 15.888512, y: 0.0000009536743, z: -0.4282343}
  - {x: 7.944256, y: 0.0000009279637, z: -0.42823327}
  - {x: 7.944256, y: 3.8283741, z: -0.42823184}
  - {x: 15.888512, y: 3.8283741, z: -0.42823288}
  - {x: 7.944256, y: 0.0000009279637, z: -0.42823327}
  - {x: 0, y: 0.0000009022531, z: -0.4282322}
  - {x: 0, y: 3.8283741, z: -0.42823076}
  - {x: 7.944256, y: 3.8283741, z: -0.42823184}
  - {x: 0, y: 3.8283741, z: -0.42823076}
  - {x: 0, y: 7.6567473, z: -0.4282293}
  - {x: 7.944256, y: 7.6567473, z: -0.42823038}
  - {x: 7.944256, y: 3.8283741, z: -0.42823184}
  - {x: 7.944256, y: 7.6567473, z: -0.42823038}
  - {x: 15.888512, y: 7.6567473, z: -0.42823145}
  - {x: 15.888512, y: 3.8283741, z: -0.42823288}
  - {x: 7.944256, y: 3.8283741, z: -0.42823184}
  m_Textures0:
  - {x: 0.000000048506568, y: 0.00000047591297}
  - {x: -15.888512, y: 0.00000043094988}
  - {x: 0.00000004850645, y: 7.6567473}
  - {x: -15.888512, y: 7.6567473}
  - {x: 15.900333, y: 0.00000047683716}
  - {x: 0, y: 0.00000047683716}
  - {x: 15.900333, y: 7.656748}
  - {x: 0, y: 7.656748}
  - {x: -17.947193, y: 0.00000047591297}
  - {x: -30.304924, y: 0.00000047591297}
  - {x: -17.947191, y: 3.1222663}
  - {x: -17.947193, y: 3.1222658}
  - {x: -30.304924, y: 0.00000047591297}
  - {x: -30.304924, y: 7.6567473}
  - {x: -17.947191, y: 7.656747}
  - {x: 0, y: 3.3284268}
  - {x: -17.13122, y: 3.328427}
  - {x: 0, y: 7.6567473}
  - {x: -17.131222, y: 3.3284268}
  - {x: -17.947193, y: 3.328427}
  - {x: -17.947191, y: 7.656747}
  - {x: -17.947191, y: 7.656747}
  - {x: -15.047192, y: 3.328427}
  - {x: 0, y: 3.3284268}
  - {x: 0, y: 0.00000047591297}
  - {x: -15.047193, y: 0.00000047591294}
  - {x: -15.047193, y: 0.028427094}
  - {x: -15.047193, y: 0.00000047591294}
  - {x: -17.947193, y: 0.00000047591297}
  - {x: -17.947193, y: 0.028427115}
  - {x: 15.047193, y: 0.028418398}
  - {x: 17.947193, y: 0.028418364}
  - {x: 17.947193, y: 0.0000007405729}
  - {x: 17.947193, y: 0.3802977}
  - {x: 30.304924, y: 0.3802977}
  - {x: 17.947193, y: 0.050596848}
  - {x: 0, y: 0.3802977}
  - {x: 17.947193, y: 0.3802977}
  - {x: 17.947193, y: 0.050596848}
  - {x: -17.947193, y: -0.098529816}
  - {x: -30.304922, y: -0.4282311}
  - {x: -30.304924, y: 0.3802986}
  - {x: -17.947191, y: 0.3802986}
  - {x: -15.047193, y: -0.021158237}
  - {x: -15.047192, y: 0.3802986}
  - {x: 0, y: 0.3802986}
  - {x: -15.047194, y: -0.4282322}
  - {x: -17.947193, y: -0.4282322}
  - {x: -17.947191, y: -0.098529756}
  - {x: -15.047192, y: -0.021158203}
  - {x: -15.047193, y: -0.021158237}
  - {x: -17.947193, y: -0.098529816}
  - {x: -17.947191, y: 0.3802986}
  - {x: -15.047192, y: 0.3802986}
  - {x: 0.7464194, y: 0.87176245}
  - {x: -0.110540286, y: 0.8717709}
  - {x: 0.4982863, y: 0.8717641}
  - {x: 2.9415874, y: 0.871738}
  - {x: 2.9415874, y: 1.6802686}
  - {x: 1.9375371, y: 1.6802788}
  - {x: 0.74641895, y: 0.8717622}
  - {x: 0.7464205, y: 0.87176317}
  - {x: 1.9375376, y: 1.680279}
  - {x: -0.35841238, y: 1.6803025}
  - {x: -0.35841238, y: 0.87177366}
  - {x: 15.047193, y: 3.3284183}
  - {x: 0.35841238, y: 1.6803043}
  - {x: -0.6456157, y: 1.6802938}
  - {x: -1.8367723, y: 0.87175125}
  - {x: -2.9415874, y: 1.6802686}
  - {x: -2.9415874, y: 0.8717383}
  - {x: 3.6228073, y: 0.87173915}
  - {x: 3.6228073, y: 1.6802691}
  - {x: 2.7404459, y: 1.6802678}
  - {x: 1.6936879, y: 0.8717376}
  - {x: 1.6936884, y: 0.871738}
  - {x: 2.7404468, y: 1.6802686}
  - {x: 0.72280717, y: 1.6802678}
  - {x: 0.72280717, y: 0.8717376}
  - {x: -1.9124146, y: -0.49998593}
  - {x: 0.10526943, y: -0.49998593}
  - {x: -1.9124146, y: -0.7375734}
  - {x: 0.16270351, y: -0.7375734}
  - {x: -2.7947302, y: -0.49998593}
  - {x: -1.9124146, y: -0.49998593}
  - {x: -2.7947302, y: -0.7375734}
  - {x: -1.9124146, y: -0.7375734}
  - {x: 0, y: 0.3802977}
  - {x: 15.888512, y: 0.38029563}
  - {x: 15.888512, y: -0.42823145}
  - {x: 7.944256, y: -0.42823038}
  - {x: 0, y: -0.4282293}
  - {x: -1.8330599e-16, y: -0.4282322}
  - {x: -7.944256, y: -0.42823327}
  - {x: -15.888512, y: -0.4282343}
  - {x: -15.888512, y: 0.3802966}
  - {x: -1.060114e-16, y: 0.3802986}
  - {x: 0, y: 0.3802967}
  - {x: 7.950166, y: 0.3802929}
  - {x: 15.900333, y: 0.380291}
  - {x: 15.900333, y: -0.4282341}
  - {x: 0, y: -0.42822647}
  - {x: 0, y: -0.42823792}
  - {x: -15.900333, y: -0.4282341}
  - {x: -15.900333, y: 0.38030243}
  - {x: -7.9501667, y: 0.38030052}
  - {x: 0, y: 0.3802986}
  - {x: -17.947193, y: -0.4282322}
  - {x: -24.126038, y: -0.42823166}
  - {x: -30.304884, y: -0.42823112}
  - {x: -17.947191, y: -0.098529756}
  - {x: 17.947193, y: 0.050596848}
  - {x: 30.304924, y: 0.3802977}
  - {x: 30.304924, y: -0.4282293}
  - {x: 24.126059, y: -0.4282293}
  - {x: 17.947193, y: -0.4282293}
  - {x: 0, y: 0.3802977}
  - {x: 17.947193, y: 0.050596848}
  - {x: 17.947193, y: -0.4282293}
  - {x: 8.973597, y: -0.4282293}
  - {x: 0, y: -0.4282293}
  - {x: -0, y: -0.4282322}
  - {x: -7.523597, y: -0.4282322}
  - {x: -15.047194, y: -0.4282322}
  - {x: -15.047192, y: -0.021158203}
  - {x: 0, y: 0.3802986}
  - {x: -0.72280717, y: 0.8717736}
  - {x: -0.72280717, y: 1.6803023}
  - {x: -1.6051227, y: 1.6803033}
  - {x: -2.6518776, y: 0.87177545}
  - {x: -1.6873424, y: 0.87177455}
  - {x: -2.6518784, y: 0.8717748}
  - {x: -1.6051233, y: 1.6803027}
  - {x: -3.6228073, y: 1.6803046}
  - {x: -3.6228073, y: 0.87177604}
  - {x: -3.137343, y: 0.8717754}
  - {x: -0.80523705, y: -2.7310746}
  - {x: 0.0029574633, y: -2.7344198}
  - {x: 0.0038260221, y: -2.8506746}
  - {x: 0.004694611, y: -2.966929}
  - {x: -0.80675507, y: -2.9744256}
  - {x: -0.40426615, y: -0.49995565}
  - {x: 0.40426195, y: -0.49994707}
  - {x: 0.40428483, y: -0.7375345}
  - {x: -0.40424326, y: -0.7375431}
  - {x: -0.4042547, y: -0.6187494}
  - {x: -15.41513, y: 3.3280888}
  - {x: -13.963969, y: 3.3280954}
  - {x: -12.512809, y: 3.328102}
  - {x: -12.512818, y: 3.098725}
  - {x: -15.425213, y: 3.0946279}
  - {x: -15.420171, y: 3.211358}
  - {x: -0.00000047683716, y: -0.0000023841858}
  - {x: -7.9501667, y: -0.0000009536743}
  - {x: -7.9501667, y: 3.828374}
  - {x: 0, y: 3.8283725}
  - {x: -7.9501667, y: -0.0000009536743}
  - {x: -15.900333, y: 0.00000047683716}
  - {x: -15.900333, y: 3.8283753}
  - {x: -7.9501667, y: 3.828374}
  - {x: -15.900333, y: 3.8283753}
  - {x: -15.900333, y: 7.65675}
  - {x: -7.9501667, y: 7.656749}
  - {x: -7.9501667, y: 3.828374}
  - {x: -7.9501667, y: 7.656749}
  - {x: 0.00000047683716, y: 7.6567473}
  - {x: 0, y: 3.8283725}
  - {x: -7.9501667, y: 3.828374}
  - {x: 0, y: 3.3284183}
  - {x: 0, y: 5.492583}
  - {x: 12.693432, y: 4.165553}
  - {x: 0, y: 1.6642095}
  - {x: 0, y: 5.492583}
  - {x: 0, y: 7.6567473}
  - {x: 8.973597, y: 7.656747}
  - {x: 12.693432, y: 4.165553}
  - {x: 8.973597, y: 7.656747}
  - {x: 17.947193, y: 7.656747}
  - {x: 24.126059, y: 7.656747}
  - {x: 12.693432, y: 4.165553}
  - {x: 24.126059, y: 7.656747}
  - {x: 30.304924, y: 7.6567473}
  - {x: 24.126059, y: 6.0956144}
  - {x: 12.693432, y: 4.165553}
  - {x: 24.126059, y: 6.0956144}
  - {x: 17.947193, y: 4.534482}
  - {x: 17.947193, y: 3.9314501}
  - {x: 12.693432, y: 4.165553}
  - {x: 17.947193, y: 3.9314501}
  - {x: 17.947193, y: 3.3284183}
  - {x: 16.497192, y: 3.3284183}
  - {x: 12.693432, y: 4.165553}
  - {x: 16.497192, y: 3.3284183}
  - {x: 15.047193, y: 3.3284183}
  - {x: 15.047193, y: 1.6642095}
  - {x: 12.693432, y: 4.165553}
  - {x: 15.047193, y: 1.6642095}
  - {x: 15.047193, y: 0.0000007405729}
  - {x: 7.5235963, y: 0.0000007405729}
  - {x: 12.693432, y: 4.165553}
  - {x: 7.5235963, y: 0.0000007405729}
  - {x: 0, y: 0.0000007405729}
  - {x: 0, y: 1.6642095}
  - {x: 12.693432, y: 4.165553}
  - {x: 15.047193, y: 3.3284183}
  - {x: 7.956426, y: 1.4142507}
  - {x: 6.235862, y: 0.6574012}
  - {x: 7.4709616, y: 1.295457}
  - {x: 7.956426, y: 1.4142507}
  - {x: 0.8656597, y: -0.4999168}
  - {x: 9.406426, y: 1.4142507}
  - {x: 6.235862, y: 0.6574012}
  - {x: 9.406426, y: 1.4142507}
  - {x: 17.947193, y: 3.3284183}
  - {x: 10.370962, y: 1.295457}
  - {x: 6.235862, y: 0.6574012}
  - {x: 10.370962, y: 1.295457}
  - {x: 2.7947311, y: -0.73750424}
  - {x: 1.8301954, y: -0.73750424}
  - {x: 6.235862, y: 0.6574012}
  - {x: 1.8301954, y: -0.73750424}
  - {x: 0.8656597, y: -0.73750424}
  - {x: 0.38019514, y: -0.73750424}
  - {x: 6.235862, y: 0.6574012}
  - {x: 0.38019514, y: -0.73750424}
  - {x: -0.10526943, y: -0.73750424}
  - {x: 7.4709616, y: 1.295457}
  - {x: 6.235862, y: 0.6574012}
  - {x: 30.304924, y: 0.0000007405729}
  - {x: 24.126059, y: 0.0000007405729}
  - {x: 24.126059, y: 3.0478077}
  - {x: 30.304924, y: 3.8283741}
  - {x: 24.126059, y: 0.0000007405729}
  - {x: 17.947193, y: 0.0000007405729}
  - {x: 17.947193, y: 2.2672415}
  - {x: 24.126059, y: 3.0478077}
  - {x: 17.947193, y: 2.2672415}
  - {x: 17.947193, y: 4.534482}
  - {x: 24.126059, y: 6.0956144}
  - {x: 24.126059, y: 3.0478077}
  - {x: 24.126059, y: 6.0956144}
  - {x: 30.304924, y: 7.6567473}
  - {x: 30.304924, y: 3.8283741}
  - {x: 24.126059, y: 3.0478077}
  - {x: 15.888512, y: 0.0000007936609}
  - {x: 7.944256, y: 0.00000076795027}
  - {x: 7.944256, y: 3.828374}
  - {x: 15.888512, y: 3.8283741}
  - {x: 7.944256, y: 0.00000076795027}
  - {x: 0.00000005703016, y: 0.00000074223965}
  - {x: 0.00000005702997, y: 3.8283741}
  - {x: 7.944256, y: 3.828374}
  - {x: 0.00000005702997, y: 3.8283741}
  - {x: 0.000000057029776, y: 7.6567473}
  - {x: 7.944256, y: 7.6567473}
  - {x: 7.944256, y: 3.828374}
  - {x: 7.944256, y: 7.6567473}
  - {x: 15.888512, y: 7.6567473}
  - {x: 15.888512, y: 3.8283741}
  - {x: 7.944256, y: 3.828374}
  m_Textures2:
  - {x: 0, y: 0, z: 0, w: 0}
  - {x: 0, y: 0, z: 0, w: 0}
  - {x: 0, y: 0, z: 0, w: 0}
  - {x: 0, y: 0, z: 0, w: 0}
  - {x: 0, y: 0, z: 0, w: 0}
  - {x: 0, y: 0, z: 0, w: 0}
  - {x: 0, y: 0, z: 0, w: 0}
  - {x: 0, y: 0, z: 0, w: 0}
  - {x: 0, y: 0, z: 0, w: 0}
  - {x: 0, y: 0, z: 0, w: 0}
  - {x: 0, y: 0, z: 0, w: 0}
  - {x: 0, y: 0, z: 0, w: 0}
  - {x: 0, y: 0, z: 0, w: 0}
  - {x: 0, y: 0, z: 0, w: 0}
  - {x: 0, y: 0, z: 0, w: 0}
  - {x: 0, y: 0, z: 0, w: 0}
  - {x: 0, y: 0, z: 0, w: 0}
  - {x: 0, y: 0, z: 0, w: 0}
  - {x: 0, y: 0, z: 0, w: 0}
  - {x: 0, y: 0, z: 0, w: 0}
  - {x: 0, y: 0, z: 0, w: 0}
  - {x: 0, y: 0, z: 0, w: 0}
  - {x: 0, y: 0, z: 0, w: 0}
  - {x: 0, y: 0, z: 0, w: 0}
  - {x: 0, y: 0, z: 0, w: 0}
  - {x: 0, y: 0, z: 0, w: 0}
  - {x: 0, y: 0, z: 0, w: 0}
  - {x: 0, y: 0, z: 0, w: 0}
  - {x: 0, y: 0, z: 0, w: 0}
  - {x: 0, y: 0, z: 0, w: 0}
  - {x: 0, y: 0, z: 0, w: 0}
  - {x: 0, y: 0, z: 0, w: 0}
  - {x: 0, y: 0, z: 0, w: 0}
  - {x: 0, y: 0, z: 0, w: 0}
  - {x: 0, y: 0, z: 0, w: 0}
  - {x: 0, y: 0, z: 0, w: 0}
  - {x: 0, y: 0, z: 0, w: 0}
  - {x: 0, y: 0, z: 0, w: 0}
  - {x: 0, y: 0, z: 0, w: 0}
  - {x: 0, y: 0, z: 0, w: 0}
  - {x: 0, y: 0, z: 0, w: 0}
  - {x: 0, y: 0, z: 0, w: 0}
  - {x: 0, y: 0, z: 0, w: 0}
  - {x: 0, y: 0, z: 0, w: 0}
  - {x: 0, y: 0, z: 0, w: 0}
  - {x: 0, y: 0, z: 0, w: 0}
  - {x: 0, y: 0, z: 0, w: 0}
  - {x: 0, y: 0, z: 0, w: 0}
  - {x: 0, y: 0, z: 0, w: 0}
  - {x: 0, y: 0, z: 0, w: 0}
  - {x: 0, y: 0, z: 0, w: 0}
  - {x: 0, y: 0, z: 0, w: 0}
  - {x: 0, y: 0, z: 0, w: 0}
  - {x: 0, y: 0, z: 0, w: 0}
  - {x: 0, y: 0, z: 0, w: 0}
  - {x: 0, y: 0, z: 0, w: 0}
  - {x: 0, y: 0, z: 0, w: 0}
  - {x: 0, y: 0, z: 0, w: 0}
  - {x: 0, y: 0, z: 0, w: 0}
  - {x: 0, y: 0, z: 0, w: 0}
  - {x: 0, y: 0, z: 0, w: 0}
  - {x: 0, y: 0, z: 0, w: 0}
  - {x: 0, y: 0, z: 0, w: 0}
  - {x: 0, y: 0, z: 0, w: 0}
  - {x: 0, y: 0, z: 0, w: 0}
  - {x: 0, y: 0, z: 0, w: 0}
  - {x: 0, y: 0, z: 0, w: 0}
  - {x: 0, y: 0, z: 0, w: 0}
  - {x: 0, y: 0, z: 0, w: 0}
  - {x: 0, y: 0, z: 0, w: 0}
  - {x: 0, y: 0, z: 0, w: 0}
  - {x: 0, y: 0, z: 0, w: 0}
  - {x: 0, y: 0, z: 0, w: 0}
  - {x: 0, y: 0, z: 0, w: 0}
  - {x: 0, y: 0, z: 0, w: 0}
  - {x: 0, y: 0, z: 0, w: 0}
  - {x: 0, y: 0, z: 0, w: 0}
  - {x: 0, y: 0, z: 0, w: 0}
  - {x: 0, y: 0, z: 0, w: 0}
  - {x: 0, y: 0, z: 0, w: 0}
  - {x: 0, y: 0, z: 0, w: 0}
  - {x: 0, y: 0, z: 0, w: 0}
  - {x: 0, y: 0, z: 0, w: 0}
  - {x: 0, y: 0, z: 0, w: 0}
  - {x: 0, y: 0, z: 0, w: 0}
  - {x: 0, y: 0, z: 0, w: 0}
  - {x: 0, y: 0, z: 0, w: 0}
  - {x: 0, y: 0, z: 0, w: 0}
  - {x: 0, y: 0, z: 0, w: 0}
  - {x: 0, y: 0, z: 0, w: 0}
  - {x: 0, y: 0, z: 0, w: 0}
  - {x: 0, y: 0, z: 0, w: 0}
  - {x: 0, y: 0, z: 0, w: 0}
  - {x: 0, y: 0, z: 0, w: 0}
  - {x: 0, y: 0, z: 0, w: 0}
  - {x: 0, y: 0, z: 0, w: 0}
  - {x: 0, y: 0, z: 0, w: 0}
  - {x: 0, y: 0, z: 0, w: 0}
  - {x: 0, y: 0, z: 0, w: 0}
  - {x: 0, y: 0, z: 0, w: 0}
  - {x: 0, y: 0, z: 0, w: 0}
  - {x: 0, y: 0, z: 0, w: 0}
  - {x: 0, y: 0, z: 0, w: 0}
  - {x: 0, y: 0, z: 0, w: 0}
  - {x: 0, y: 0, z: 0, w: 0}
  - {x: 0, y: 0, z: 0, w: 0}
  - {x: 0, y: 0, z: 0, w: 0}
  - {x: 0, y: 0, z: 0, w: 0}
  - {x: 0, y: 0, z: 0, w: 0}
  - {x: 0, y: 0, z: 0, w: 0}
  - {x: 0, y: 0, z: 0, w: 0}
  - {x: 0, y: 0, z: 0, w: 0}
  - {x: 0, y: 0, z: 0, w: 0}
  - {x: 0, y: 0, z: 0, w: 0}
  - {x: 0, y: 0, z: 0, w: 0}
  - {x: 0, y: 0, z: 0, w: 0}
  - {x: 0, y: 0, z: 0, w: 0}
  - {x: 0, y: 0, z: 0, w: 0}
  - {x: 0, y: 0, z: 0, w: 0}
  - {x: 0, y: 0, z: 0, w: 0}
  - {x: 0, y: 0, z: 0, w: 0}
  - {x: 0, y: 0, z: 0, w: 0}
  - {x: 0, y: 0, z: 0, w: 0}
  - {x: 0, y: 0, z: 0, w: 0}
  - {x: 0, y: 0, z: 0, w: 0}
  - {x: 0, y: 0, z: 0, w: 0}
  - {x: 0, y: 0, z: 0, w: 0}
  - {x: 0, y: 0, z: 0, w: 0}
  - {x: 0, y: 0, z: 0, w: 0}
  - {x: 0, y: 0, z: 0, w: 0}
  - {x: 0, y: 0, z: 0, w: 0}
  - {x: 0, y: 0, z: 0, w: 0}
  - {x: 0, y: 0, z: 0, w: 0}
  - {x: 0, y: 0, z: 0, w: 0}
  - {x: 0, y: 0, z: 0, w: 0}
  - {x: 0, y: 0, z: 0, w: 0}
  - {x: 0, y: 0, z: 0, w: 0}
  - {x: 0, y: 0, z: 0, w: 0}
  - {x: 0, y: 0, z: 0, w: 0}
  - {x: 0, y: 0, z: 0, w: 0}
  - {x: 0, y: 0, z: 0, w: 0}
  - {x: 0, y: 0, z: 0, w: 0}
  - {x: 0, y: 0, z: 0, w: 0}
  - {x: 0, y: 0, z: 0, w: 0}
  - {x: 0, y: 0, z: 0, w: 0}
  - {x: 0, y: 0, z: 0, w: 0}
  - {x: 0, y: 0, z: 0, w: 0}
  - {x: 0, y: 0, z: 0, w: 0}
  - {x: 0, y: 0, z: 0, w: 0}
  - {x: 0, y: 0, z: 0, w: 0}
  - {x: 0, y: 0, z: 0, w: 0}
  - {x: 0, y: 0, z: 0, w: 0}
  - {x: 0, y: 0, z: 0, w: 0}
  - {x: 0, y: 0, z: 0, w: 0}
  - {x: 0, y: 0, z: 0, w: 0}
  - {x: 0, y: 0, z: 0, w: 0}
  - {x: 0, y: 0, z: 0, w: 0}
  - {x: 0, y: 0, z: 0, w: 0}
  - {x: 0, y: 0, z: 0, w: 0}
  - {x: 0, y: 0, z: 0, w: 0}
  - {x: 0, y: 0, z: 0, w: 0}
  - {x: 0, y: 0, z: 0, w: 0}
  - {x: 0, y: 0, z: 0, w: 0}
  - {x: 0, y: 0, z: 0, w: 0}
  - {x: 0, y: 0, z: 0, w: 0}
  - {x: 0, y: 0, z: 0, w: 0}
  - {x: 0, y: 0, z: 0, w: 0}
  - {x: 0, y: 0, z: 0, w: 0}
  - {x: 0, y: 0, z: 0, w: 0}
  - {x: 0, y: 0, z: 0, w: 0}
  - {x: 0, y: 0, z: 0, w: 0}
  - {x: 0, y: 0, z: 0, w: 0}
  - {x: 0, y: 0, z: 0, w: 0}
  - {x: 0, y: 0, z: 0, w: 0}
  - {x: 0, y: 0, z: 0, w: 0}
  - {x: 0, y: 0, z: 0, w: 0}
  - {x: 0, y: 0, z: 0, w: 0}
  - {x: 0, y: 0, z: 0, w: 0}
  - {x: 0, y: 0, z: 0, w: 0}
  - {x: 0, y: 0, z: 0, w: 0}
  - {x: 0, y: 0, z: 0, w: 0}
  - {x: 0, y: 0, z: 0, w: 0}
  - {x: 0, y: 0, z: 0, w: 0}
  - {x: 0, y: 0, z: 0, w: 0}
  - {x: 0, y: 0, z: 0, w: 0}
  - {x: 0, y: 0, z: 0, w: 0}
  - {x: 0, y: 0, z: 0, w: 0}
  - {x: 0, y: 0, z: 0, w: 0}
  - {x: 0, y: 0, z: 0, w: 0}
  - {x: 0, y: 0, z: 0, w: 0}
  - {x: 0, y: 0, z: 0, w: 0}
  - {x: 0, y: 0, z: 0, w: 0}
  - {x: 0, y: 0, z: 0, w: 0}
  - {x: 0, y: 0, z: 0, w: 0}
  - {x: 0, y: 0, z: 0, w: 0}
  - {x: 0, y: 0, z: 0, w: 0}
  - {x: 0, y: 0, z: 0, w: 0}
  - {x: 0, y: 0, z: 0, w: 0}
  - {x: 0, y: 0, z: 0, w: 0}
  - {x: 0, y: 0, z: 0, w: 0}
  - {x: 0, y: 0, z: 0, w: 0}
  - {x: 0, y: 0, z: 0, w: 0}
  - {x: 0, y: 0, z: 0, w: 0}
  - {x: 0, y: 0, z: 0, w: 0}
  - {x: 0, y: 0, z: 0, w: 0}
  - {x: 0, y: 0, z: 0, w: 0}
  - {x: 0, y: 0, z: 0, w: 0}
  - {x: 0, y: 0, z: 0, w: 0}
  - {x: 0, y: 0, z: 0, w: 0}
  - {x: 0, y: 0, z: 0, w: 0}
  - {x: 0, y: 0, z: 0, w: 0}
  - {x: 0, y: 0, z: 0, w: 0}
  - {x: 0, y: 0, z: 0, w: 0}
  - {x: 0, y: 0, z: 0, w: 0}
  - {x: 0, y: 0, z: 0, w: 0}
  - {x: 0, y: 0, z: 0, w: 0}
  - {x: 0, y: 0, z: 0, w: 0}
  - {x: 0, y: 0, z: 0, w: 0}
  - {x: 0, y: 0, z: 0, w: 0}
  - {x: 0, y: 0, z: 0, w: 0}
  - {x: 0, y: 0, z: 0, w: 0}
  - {x: 0, y: 0, z: 0, w: 0}
  - {x: 0, y: 0, z: 0, w: 0}
  - {x: 0, y: 0, z: 0, w: 0}
  - {x: 0, y: 0, z: 0, w: 0}
  - {x: 0, y: 0, z: 0, w: 0}
  - {x: 0, y: 0, z: 0, w: 0}
  - {x: 0, y: 0, z: 0, w: 0}
  - {x: 0, y: 0, z: 0, w: 0}
  - {x: 0, y: 0, z: 0, w: 0}
  - {x: 0, y: 0, z: 0, w: 0}
  - {x: 0, y: 0, z: 0, w: 0}
  - {x: 0, y: 0, z: 0, w: 0}
  - {x: 0, y: 0, z: 0, w: 0}
  - {x: 0, y: 0, z: 0, w: 0}
  - {x: 0, y: 0, z: 0, w: 0}
  - {x: 0, y: 0, z: 0, w: 0}
  - {x: 0, y: 0, z: 0, w: 0}
  - {x: 0, y: 0, z: 0, w: 0}
  - {x: 0, y: 0, z: 0, w: 0}
  - {x: 0, y: 0, z: 0, w: 0}
  - {x: 0, y: 0, z: 0, w: 0}
  - {x: 0, y: 0, z: 0, w: 0}
  - {x: 0, y: 0, z: 0, w: 0}
  - {x: 0, y: 0, z: 0, w: 0}
  - {x: 0, y: 0, z: 0, w: 0}
  - {x: 0, y: 0, z: 0, w: 0}
  - {x: 0, y: 0, z: 0, w: 0}
  - {x: 0, y: 0, z: 0, w: 0}
  - {x: 0, y: 0, z: 0, w: 0}
  - {x: 0, y: 0, z: 0, w: 0}
  - {x: 0, y: 0, z: 0, w: 0}
  - {x: 0, y: 0, z: 0, w: 0}
  - {x: 0, y: 0, z: 0, w: 0}
  - {x: 0, y: 0, z: 0, w: 0}
  - {x: 0, y: 0, z: 0, w: 0}
  - {x: 0, y: 0, z: 0, w: 0}
  - {x: 0, y: 0, z: 0, w: 0}
  - {x: 0, y: 0, z: 0, w: 0}
  - {x: 0, y: 0, z: 0, w: 0}
  m_Textures3:
  - {x: 0, y: 0, z: 0, w: 0}
  - {x: 0, y: 0, z: 0, w: 0}
  - {x: 0, y: 0, z: 0, w: 0}
  - {x: 0, y: 0, z: 0, w: 0}
  - {x: 0, y: 0, z: 0, w: 0}
  - {x: 0, y: 0, z: 0, w: 0}
  - {x: 0, y: 0, z: 0, w: 0}
  - {x: 0, y: 0, z: 0, w: 0}
  - {x: 0, y: 0, z: 0, w: 0}
  - {x: 0, y: 0, z: 0, w: 0}
  - {x: 0, y: 0, z: 0, w: 0}
  - {x: 0, y: 0, z: 0, w: 0}
  - {x: 0, y: 0, z: 0, w: 0}
  - {x: 0, y: 0, z: 0, w: 0}
  - {x: 0, y: 0, z: 0, w: 0}
  - {x: 0, y: 0, z: 0, w: 0}
  - {x: 0, y: 0, z: 0, w: 0}
  - {x: 0, y: 0, z: 0, w: 0}
  - {x: 0, y: 0, z: 0, w: 0}
  - {x: 0, y: 0, z: 0, w: 0}
  - {x: 0, y: 0, z: 0, w: 0}
  - {x: 0, y: 0, z: 0, w: 0}
  - {x: 0, y: 0, z: 0, w: 0}
  - {x: 0, y: 0, z: 0, w: 0}
  - {x: 0, y: 0, z: 0, w: 0}
  - {x: 0, y: 0, z: 0, w: 0}
  - {x: 0, y: 0, z: 0, w: 0}
  - {x: 0, y: 0, z: 0, w: 0}
  - {x: 0, y: 0, z: 0, w: 0}
  - {x: 0, y: 0, z: 0, w: 0}
  - {x: 0, y: 0, z: 0, w: 0}
  - {x: 0, y: 0, z: 0, w: 0}
  - {x: 0, y: 0, z: 0, w: 0}
  - {x: 0, y: 0, z: 0, w: 0}
  - {x: 0, y: 0, z: 0, w: 0}
  - {x: 0, y: 0, z: 0, w: 0}
  - {x: 0, y: 0, z: 0, w: 0}
  - {x: 0, y: 0, z: 0, w: 0}
  - {x: 0, y: 0, z: 0, w: 0}
  - {x: 0, y: 0, z: 0, w: 0}
  - {x: 0, y: 0, z: 0, w: 0}
  - {x: 0, y: 0, z: 0, w: 0}
  - {x: 0, y: 0, z: 0, w: 0}
  - {x: 0, y: 0, z: 0, w: 0}
  - {x: 0, y: 0, z: 0, w: 0}
  - {x: 0, y: 0, z: 0, w: 0}
  - {x: 0, y: 0, z: 0, w: 0}
  - {x: 0, y: 0, z: 0, w: 0}
  - {x: 0, y: 0, z: 0, w: 0}
  - {x: 0, y: 0, z: 0, w: 0}
  - {x: 0, y: 0, z: 0, w: 0}
  - {x: 0, y: 0, z: 0, w: 0}
  - {x: 0, y: 0, z: 0, w: 0}
  - {x: 0, y: 0, z: 0, w: 0}
  - {x: 0, y: 0, z: 0, w: 0}
  - {x: 0, y: 0, z: 0, w: 0}
  - {x: 0, y: 0, z: 0, w: 0}
  - {x: 0, y: 0, z: 0, w: 0}
  - {x: 0, y: 0, z: 0, w: 0}
  - {x: 0, y: 0, z: 0, w: 0}
  - {x: 0, y: 0, z: 0, w: 0}
  - {x: 0, y: 0, z: 0, w: 0}
  - {x: 0, y: 0, z: 0, w: 0}
  - {x: 0, y: 0, z: 0, w: 0}
  - {x: 0, y: 0, z: 0, w: 0}
  - {x: 0, y: 0, z: 0, w: 0}
  - {x: 0, y: 0, z: 0, w: 0}
  - {x: 0, y: 0, z: 0, w: 0}
  - {x: 0, y: 0, z: 0, w: 0}
  - {x: 0, y: 0, z: 0, w: 0}
  - {x: 0, y: 0, z: 0, w: 0}
  - {x: 0, y: 0, z: 0, w: 0}
  - {x: 0, y: 0, z: 0, w: 0}
  - {x: 0, y: 0, z: 0, w: 0}
  - {x: 0, y: 0, z: 0, w: 0}
  - {x: 0, y: 0, z: 0, w: 0}
  - {x: 0, y: 0, z: 0, w: 0}
  - {x: 0, y: 0, z: 0, w: 0}
  - {x: 0, y: 0, z: 0, w: 0}
  - {x: 0, y: 0, z: 0, w: 0}
  - {x: 0, y: 0, z: 0, w: 0}
  - {x: 0, y: 0, z: 0, w: 0}
  - {x: 0, y: 0, z: 0, w: 0}
  - {x: 0, y: 0, z: 0, w: 0}
  - {x: 0, y: 0, z: 0, w: 0}
  - {x: 0, y: 0, z: 0, w: 0}
  - {x: 0, y: 0, z: 0, w: 0}
  - {x: 0, y: 0, z: 0, w: 0}
  - {x: 0, y: 0, z: 0, w: 0}
  - {x: 0, y: 0, z: 0, w: 0}
  - {x: 0, y: 0, z: 0, w: 0}
  - {x: 0, y: 0, z: 0, w: 0}
  - {x: 0, y: 0, z: 0, w: 0}
  - {x: 0, y: 0, z: 0, w: 0}
  - {x: 0, y: 0, z: 0, w: 0}
  - {x: 0, y: 0, z: 0, w: 0}
  - {x: 0, y: 0, z: 0, w: 0}
  - {x: 0, y: 0, z: 0, w: 0}
  - {x: 0, y: 0, z: 0, w: 0}
  - {x: 0, y: 0, z: 0, w: 0}
  - {x: 0, y: 0, z: 0, w: 0}
  - {x: 0, y: 0, z: 0, w: 0}
  - {x: 0, y: 0, z: 0, w: 0}
  - {x: 0, y: 0, z: 0, w: 0}
  - {x: 0, y: 0, z: 0, w: 0}
  - {x: 0, y: 0, z: 0, w: 0}
  - {x: 0, y: 0, z: 0, w: 0}
  - {x: 0, y: 0, z: 0, w: 0}
  - {x: 0, y: 0, z: 0, w: 0}
  - {x: 0, y: 0, z: 0, w: 0}
  - {x: 0, y: 0, z: 0, w: 0}
  - {x: 0, y: 0, z: 0, w: 0}
  - {x: 0, y: 0, z: 0, w: 0}
  - {x: 0, y: 0, z: 0, w: 0}
  - {x: 0, y: 0, z: 0, w: 0}
  - {x: 0, y: 0, z: 0, w: 0}
  - {x: 0, y: 0, z: 0, w: 0}
  - {x: 0, y: 0, z: 0, w: 0}
  - {x: 0, y: 0, z: 0, w: 0}
  - {x: 0, y: 0, z: 0, w: 0}
  - {x: 0, y: 0, z: 0, w: 0}
  - {x: 0, y: 0, z: 0, w: 0}
  - {x: 0, y: 0, z: 0, w: 0}
  - {x: 0, y: 0, z: 0, w: 0}
  - {x: 0, y: 0, z: 0, w: 0}
  - {x: 0, y: 0, z: 0, w: 0}
  - {x: 0, y: 0, z: 0, w: 0}
  - {x: 0, y: 0, z: 0, w: 0}
  - {x: 0, y: 0, z: 0, w: 0}
  - {x: 0, y: 0, z: 0, w: 0}
  - {x: 0, y: 0, z: 0, w: 0}
  - {x: 0, y: 0, z: 0, w: 0}
  - {x: 0, y: 0, z: 0, w: 0}
  - {x: 0, y: 0, z: 0, w: 0}
  - {x: 0, y: 0, z: 0, w: 0}
  - {x: 0, y: 0, z: 0, w: 0}
  - {x: 0, y: 0, z: 0, w: 0}
  - {x: 0, y: 0, z: 0, w: 0}
  - {x: 0, y: 0, z: 0, w: 0}
  - {x: 0, y: 0, z: 0, w: 0}
  - {x: 0, y: 0, z: 0, w: 0}
  - {x: 0, y: 0, z: 0, w: 0}
  - {x: 0, y: 0, z: 0, w: 0}
  - {x: 0, y: 0, z: 0, w: 0}
  - {x: 0, y: 0, z: 0, w: 0}
  - {x: 0, y: 0, z: 0, w: 0}
  - {x: 0, y: 0, z: 0, w: 0}
  - {x: 0, y: 0, z: 0, w: 0}
  - {x: 0, y: 0, z: 0, w: 0}
  - {x: 0, y: 0, z: 0, w: 0}
  - {x: 0, y: 0, z: 0, w: 0}
  - {x: 0, y: 0, z: 0, w: 0}
  - {x: 0, y: 0, z: 0, w: 0}
  - {x: 0, y: 0, z: 0, w: 0}
  - {x: 0, y: 0, z: 0, w: 0}
  - {x: 0, y: 0, z: 0, w: 0}
  - {x: 0, y: 0, z: 0, w: 0}
  - {x: 0, y: 0, z: 0, w: 0}
  - {x: 0, y: 0, z: 0, w: 0}
  - {x: 0, y: 0, z: 0, w: 0}
  - {x: 0, y: 0, z: 0, w: 0}
  - {x: 0, y: 0, z: 0, w: 0}
  - {x: 0, y: 0, z: 0, w: 0}
  - {x: 0, y: 0, z: 0, w: 0}
  - {x: 0, y: 0, z: 0, w: 0}
  - {x: 0, y: 0, z: 0, w: 0}
  - {x: 0, y: 0, z: 0, w: 0}
  - {x: 0, y: 0, z: 0, w: 0}
  - {x: 0, y: 0, z: 0, w: 0}
  - {x: 0, y: 0, z: 0, w: 0}
  - {x: 0, y: 0, z: 0, w: 0}
  - {x: 0, y: 0, z: 0, w: 0}
  - {x: 0, y: 0, z: 0, w: 0}
  - {x: 0, y: 0, z: 0, w: 0}
  - {x: 0, y: 0, z: 0, w: 0}
  - {x: 0, y: 0, z: 0, w: 0}
  - {x: 0, y: 0, z: 0, w: 0}
  - {x: 0, y: 0, z: 0, w: 0}
  - {x: 0, y: 0, z: 0, w: 0}
  - {x: 0, y: 0, z: 0, w: 0}
  - {x: 0, y: 0, z: 0, w: 0}
  - {x: 0, y: 0, z: 0, w: 0}
  - {x: 0, y: 0, z: 0, w: 0}
  - {x: 0, y: 0, z: 0, w: 0}
  - {x: 0, y: 0, z: 0, w: 0}
  - {x: 0, y: 0, z: 0, w: 0}
  - {x: 0, y: 0, z: 0, w: 0}
  - {x: 0, y: 0, z: 0, w: 0}
  - {x: 0, y: 0, z: 0, w: 0}
  - {x: 0, y: 0, z: 0, w: 0}
  - {x: 0, y: 0, z: 0, w: 0}
  - {x: 0, y: 0, z: 0, w: 0}
  - {x: 0, y: 0, z: 0, w: 0}
  - {x: 0, y: 0, z: 0, w: 0}
  - {x: 0, y: 0, z: 0, w: 0}
  - {x: 0, y: 0, z: 0, w: 0}
  - {x: 0, y: 0, z: 0, w: 0}
  - {x: 0, y: 0, z: 0, w: 0}
  - {x: 0, y: 0, z: 0, w: 0}
  - {x: 0, y: 0, z: 0, w: 0}
  - {x: 0, y: 0, z: 0, w: 0}
  - {x: 0, y: 0, z: 0, w: 0}
  - {x: 0, y: 0, z: 0, w: 0}
  - {x: 0, y: 0, z: 0, w: 0}
  - {x: 0, y: 0, z: 0, w: 0}
  - {x: 0, y: 0, z: 0, w: 0}
  - {x: 0, y: 0, z: 0, w: 0}
  - {x: 0, y: 0, z: 0, w: 0}
  - {x: 0, y: 0, z: 0, w: 0}
  - {x: 0, y: 0, z: 0, w: 0}
  - {x: 0, y: 0, z: 0, w: 0}
  - {x: 0, y: 0, z: 0, w: 0}
  - {x: 0, y: 0, z: 0, w: 0}
  - {x: 0, y: 0, z: 0, w: 0}
  - {x: 0, y: 0, z: 0, w: 0}
  - {x: 0, y: 0, z: 0, w: 0}
  - {x: 0, y: 0, z: 0, w: 0}
  - {x: 0, y: 0, z: 0, w: 0}
  - {x: 0, y: 0, z: 0, w: 0}
  - {x: 0, y: 0, z: 0, w: 0}
  - {x: 0, y: 0, z: 0, w: 0}
  - {x: 0, y: 0, z: 0, w: 0}
  - {x: 0, y: 0, z: 0, w: 0}
  - {x: 0, y: 0, z: 0, w: 0}
  - {x: 0, y: 0, z: 0, w: 0}
  - {x: 0, y: 0, z: 0, w: 0}
  - {x: 0, y: 0, z: 0, w: 0}
  - {x: 0, y: 0, z: 0, w: 0}
  - {x: 0, y: 0, z: 0, w: 0}
  - {x: 0, y: 0, z: 0, w: 0}
  - {x: 0, y: 0, z: 0, w: 0}
  - {x: 0, y: 0, z: 0, w: 0}
  - {x: 0, y: 0, z: 0, w: 0}
  - {x: 0, y: 0, z: 0, w: 0}
  - {x: 0, y: 0, z: 0, w: 0}
  - {x: 0, y: 0, z: 0, w: 0}
  - {x: 0, y: 0, z: 0, w: 0}
  - {x: 0, y: 0, z: 0, w: 0}
  - {x: 0, y: 0, z: 0, w: 0}
  - {x: 0, y: 0, z: 0, w: 0}
  - {x: 0, y: 0, z: 0, w: 0}
  - {x: 0, y: 0, z: 0, w: 0}
  - {x: 0, y: 0, z: 0, w: 0}
  - {x: 0, y: 0, z: 0, w: 0}
  - {x: 0, y: 0, z: 0, w: 0}
  - {x: 0, y: 0, z: 0, w: 0}
  - {x: 0, y: 0, z: 0, w: 0}
  - {x: 0, y: 0, z: 0, w: 0}
  - {x: 0, y: 0, z: 0, w: 0}
  - {x: 0, y: 0, z: 0, w: 0}
  - {x: 0, y: 0, z: 0, w: 0}
  - {x: 0, y: 0, z: 0, w: 0}
  - {x: 0, y: 0, z: 0, w: 0}
  - {x: 0, y: 0, z: 0, w: 0}
  - {x: 0, y: 0, z: 0, w: 0}
  - {x: 0, y: 0, z: 0, w: 0}
  - {x: 0, y: 0, z: 0, w: 0}
  - {x: 0, y: 0, z: 0, w: 0}
  - {x: 0, y: 0, z: 0, w: 0}
  - {x: 0, y: 0, z: 0, w: 0}
  m_Tangents:
  - {x: -1, y: -1.7146982e-21, z: 0.00000012754863, w: -1}
  - {x: -1, y: -1.7423546e-21, z: 0.00000012848649, w: -1}
  - {x: -1, y: -1.7423546e-21, z: 0.00000012848649, w: -1}
  - {x: -1, y: 0, z: 0.00000012942435, w: -1}
  - {x: 1, y: 0.0000000032800602, z: 0, w: -1}
  - {x: 1, y: 0.0000000016400301, z: -0.00000011995648, w: -1}
  - {x: 1, y: 0.0000000016400301, z: -0.00000011995648, w: -1}
  - {x: 1, y: 0, z: -0.00000023991296, w: -1}
  - {x: 0.00000015434455, y: 0, z: -1, w: -1}
  - {x: 0.00000015434455, y: 0, z: -1, w: -1}
  - {x: 0.00000015434455, y: 0, z: -1, w: -1}
  - {x: 0.00000015434455, y: 0.000000019293065, z: -1, w: -1}
  - {x: 0.00000015434455, y: 0, z: -1, w: -1}
  - {x: 0.00000015434453, y: 0.000000019293065, z: -1, w: -1}
  - {x: 0.00000015434452, y: 0.00000003858613, z: -1, w: -1}
  - {x: 0.00000011133757, y: 0.000000013917196, z: -1, w: -1}
  - {x: 0.00000005440329, y: -0.000000019610306, z: -1, w: -1}
  - {x: 0.00000010880658, y: -0.000000019610306, z: -1, w: -1}
  - {x: 0.00000005440329, y: 0.0000002921896, z: -1, w: -1}
  - {x: 0, y: 0.0000002921896, z: -1, w: -1}
  - {x: 0.0000000531378, y: 0.0000002921896, z: -1, w: -1}
  - {x: 0.000000053137796, y: -0.000000053137807, z: -1, w: -1}
  - {x: 0.00000012273988, y: 0.000000007918578, z: -1, w: -1}
  - {x: 0.00000012675777, y: 0.000000015844721, z: -1, w: -1}
  - {x: 0.00000012273988, y: 0.000000007918578, z: -1, w: -1}
  - {x: 0.00000011872199, y: -2.581277e-22, z: -1, w: -1}
  - {x: 0.000000041395914, y: 0.0000000035574477, z: -1, w: -1}
  - {x: 0.000000041311417, y: 0, z: -1, w: -1}
  - {x: 0.000000041395914, y: 0.0000000035574477, z: -1, w: -1}
  - {x: 0.00000004148041, y: 0.0000000071294473, z: -1, w: -1}
  - {x: -0.00000002780224, y: 0.0012158573, z: 0.9999993, w: -1}
  - {x: -0.00000002780224, y: 0.0012158573, z: 0.9999993, w: -1}
  - {x: -0.00000002780224, y: 0.0012158573, z: 0.9999993, w: -1}
  - {x: -0.00000015434456, y: 0, z: 1, w: -1}
  - {x: -0.00000015434456, y: 0, z: 1, w: -1}
  - {x: -0.00000015434456, y: 0, z: 1, w: -1}
  - {x: -0.0000001062756, y: 0, z: 1, w: -1}
  - {x: -0.0000001062756, y: 0, z: 1, w: -1}
  - {x: -0.0000001062756, y: 0, z: 1, w: -1}
  - {x: -0.000009398728, y: 0.001250662, z: -0.9999992, w: -1}
  - {x: 0.00000019442852, y: -0.000000001779215, z: -1, w: -1}
  - {x: 0.00000017438651, y: -0.0000000017792309, z: -1, w: -1}
  - {x: 0.00000015434453, y: 0.0000000031838652, z: -1, w: -1}
  - {x: -0.000006339295, y: 0.00025372257, z: -1, w: -1}
  - {x: 0.00000011872201, y: 2.2986435e-14, z: -1, w: -1}
  - {x: 0.0000015322985, y: -0.00027623586, z: -1, w: -1}
  - {x: 0.00014983394, y: 0.0016838086, z: -0.99999857, w: -1}
  - {x: 0.000000030955317, y: 0.0042189024, z: -0.9999911, w: -1}
  - {x: 0.000028446806, y: 0.0012509511, z: -0.9999992, w: -1}
  - {x: 0.000033447635, y: 0.00025473512, z: -1, w: -1}
  - {x: -0.0000064280243, y: 0.00025372033, z: -1, w: -1}
  - {x: -0.000009554237, y: 0.0012506607, z: -0.9999992, w: -1}
  - {x: 0.000000029768518, y: 0.0000000031838001, z: -1, w: -1}
  - {x: 0.00000004131143, y: -2.2986426e-14, z: -1, w: -1}
  - {x: 0, y: -1, z: 0, w: 1}
  - {x: 0, y: -1, z: 0, w: 1}
  - {x: 0, y: -1, z: 0, w: 1}
  - {x: -0.000011073322, y: -1, z: 0, w: 1}
  - {x: -0.000011991573, y: -1, z: 0, w: 1}
  - {x: -0.000011073322, y: -1, z: -6.5305894e-12, w: 1}
  - {x: -0.00001015507, y: -1, z: -5.989043e-12, w: 1}
  - {x: -0.000009861794, y: -1, z: -5.8160807e-12, w: 1}
  - {x: -0.0000102285585, y: -1, z: -6.0323825e-12, w: 1}
  - {x: -0.000009861794, y: -1, z: -1.1632161e-11, w: 1}
  - {x: -0.00000949503, y: -1, z: -1.1199557e-11, w: 1}
  - {x: 0.20342398, y: 0.97907436, z: -0.0056639793, w: -1}
  - {x: -0.0000052439163, y: 0.99989754, z: -0.014315581, w: -1}
  - {x: 0.09762564, y: 0.99520487, z: -0.0060413424, w: 1}
  - {x: 0.09718854, y: 0.9952647, z: 0.0016229139, w: 1}
  - {x: 0.0000083088835, y: 0.9999828, z: 0.005874192, w: 1}
  - {x: 0.000009945094, y: 0.99985737, z: 0.016891612, w: 1}
  - {x: 0.00000023399292, y: -0.0009071161, z: -0.9999996, w: 1}
  - {x: -0.0000005569009, y: -0.000000006795482, z: -1, w: 1}
  - {x: 0.0000009667908, y: -0.0004535578, z: -0.99999994, w: 1}
  - {x: 0.0000019019618, y: -0.0009071085, z: -0.9999996, w: 1}
  - {x: -0.000001125919, y: -0.0009071048, z: -0.9999996, w: 1}
  - {x: -0.0000013048088, y: -0.00045355398, z: -0.99999994, w: 1}
  - {x: -0.000000051003237, y: -4.4762484e-12, z: -1, w: 1}
  - {x: 0.00000042974588, y: -4.562036e-12, z: -1, w: 1}
  - {x: -0.00000094531583, y: 0, z: -1, w: -1}
  - {x: -0.00000090351034, y: 0, z: -1, w: -1}
  - {x: -0.00000090351034, y: 0, z: -1, w: -1}
  - {x: -0.00000086170485, y: 0, z: -1, w: -1}
  - {x: -0.0000021617532, y: 0, z: -1, w: -1}
  - {x: -0.0000021617532, y: 0, z: -1, w: -1}
  - {x: -0.0000021617532, y: 0, z: -1, w: -1}
  - {x: -0.0000021617532, y: 0, z: -1, w: -1}
  - {x: 1, y: 0, z: 0, w: -1}
  - {x: 1, y: 0, z: 0, w: -1}
  - {x: 1, y: 0, z: 0, w: -1}
  - {x: 1, y: 0, z: 0, w: -1}
  - {x: 1, y: 0, z: 0, w: -1}
  - {x: -1, y: -0.000000003236315, z: 0, w: -1}
  - {x: -1, y: -0.0000000012142123, z: 0, w: -1}
  - {x: -1, y: -0.0000000032363012, z: 0, w: -1}
  - {x: -1, y: -2.0316093e-10, z: 0, w: -1}
  - {x: -1, y: -2.0316782e-10, z: 0, w: -1}
  - {x: 1, y: 0, z: 0.00000023991524, w: -1}
  - {x: 1, y: 0, z: 0.00000023991484, w: -1}
  - {x: 1, y: 0, z: 0.0000002399141, w: -1}
  - {x: 1, y: 0, z: 0.00000023991464, w: -1}
  - {x: 1, y: 0, z: 0.00000023991524, w: -1}
  - {x: -1, y: -2.3440996e-10, z: 0.00000023991183, w: -1}
  - {x: -1, y: -2.3442434e-10, z: 0.00000023991183, w: -1}
  - {x: -1, y: 0.0000000028113387, z: 0.00000023991183, w: -1}
  - {x: -1, y: 7.8083956e-10, z: 0.00000023991183, w: -1}
  - {x: -1, y: 0.0000000028113674, z: 0.00000023991183, w: -1}
  - {x: 0.000000063166944, y: 0.004218904, z: -0.9999911, w: -1}
  - {x: 0.00000006632015, y: -6.278172e-14, z: -1, w: -1}
  - {x: 0.000000066320155, y: -0.000000001779299, z: -1, w: -1}
  - {x: -0.000009506774, y: 0.0012506611, z: -0.9999992, w: -1}
  - {x: -0.00000013612473, y: 0, z: 1, w: -1}
  - {x: -0.00000013612474, y: 0, z: 1, w: -1}
  - {x: -0.00000015313874, y: 0, z: 1, w: -1}
  - {x: -0.00000014179606, y: 0, z: 1, w: -1}
  - {x: -0.00000015313871, y: 0, z: 1, w: -1}
  - {x: -0.00000011840591, y: 0, z: 1, w: -1}
  - {x: -0.00000011840589, y: 0, z: 1, w: -1}
  - {x: -0.000000106275586, y: 0, z: 1, w: -1}
  - {x: -0.00000011436247, y: 0, z: 1, w: -1}
  - {x: -0.00000010627559, y: 0, z: 1, w: -1}
  - {x: 0.00000012166387, y: -0.0016555106, z: -0.9999986, w: -1}
  - {x: 0.000000015065005, y: -0.00091975846, z: -0.9999996, w: -1}
  - {x: -0.00015171185, y: 0.0016700419, z: -0.9999986, w: -1}
  - {x: -0.00002049122, y: 0.00025336232, z: -1, w: -1}
  - {x: -0.0000013127401, y: -0.00027625033, z: -1, w: -1}
  - {x: -0.000000021485187, y: 1.1702325e-11, z: 1, w: 1}
  - {x: 0.0000009457694, y: 1.29085015e-11, z: 1, w: 1}
  - {x: -0.00000032330468, y: 1.1830633e-11, z: 1, w: 1}
  - {x: 0.00000045902559, y: -0.0010480632, z: 0.99999946, w: 1}
  - {x: -0.0000009578418, y: 1.0168123e-11, z: 1, w: 1}
  - {x: -0.0010228879, y: -0.0010494156, z: 0.9999989, w: 1}
  - {x: -0.00000005744597, y: 9.008364e-12, z: 1, w: 1}
  - {x: -0.0013654976, y: -0.0027995284, z: 0.9999952, w: 1}
  - {x: -0.002058906, y: -0.0042027542, z: 0.9999891, w: 1}
  - {x: -0.0020588452, y: -0.0042029964, z: 0.9999891, w: 1}
  - {x: 0.9999312, y: 0.0020909496, z: 0.011542884, w: -1}
  - {x: 0.99998784, y: 0.004143752, z: -0.0026903844, w: -1}
  - {x: 0.99966055, y: -0.0000029018536, z: 0.026054207, w: -1}
  - {x: 0.998474, y: -0.0041912375, z: 0.055064604, w: -1}
  - {x: 0.99918085, y: -0.0020758149, z: 0.040415168, w: -1}
  - {x: -1, y: 0, z: -0.0000011795205, w: -1}
  - {x: -1, y: 0, z: -0.0000011795205, w: -1}
  - {x: -1, y: 0, z: -0.0000011795205, w: -1}
  - {x: -1, y: 0, z: -0.0000011795205, w: -1}
  - {x: -1, y: 0, z: -0.0000011795205, w: -1}
  - {x: 0.000000012862217, y: -0.000004600133, z: 1, w: -1}
  - {x: 0.00017828963, y: -0.0000023354733, z: 1, w: -1}
  - {x: 0.000000054225058, y: -0.000004599604, z: 1, w: -1}
  - {x: 0.000356564, y: 0.000000011328937, z: 0.99999994, w: -1}
  - {x: 0.00035654468, y: -0.00000007109259, z: 0.99999994, w: -1}
  - {x: 0.0000000142298955, y: -0.0000046822806, z: 1, w: -1}
  - {x: -1, y: 0.00000018134041, z: 0, w: -1}
  - {x: -1, y: 0.00000018274615, z: 0.00000005997822, w: -1}
  - {x: -1, y: 0.00000018134045, z: 0.00000008996728, w: -1}
  - {x: -1, y: 0.00000017993469, z: 0.00000005997818, w: -1}
  - {x: -1, y: 0.0000001813404, z: 0.00000005997822, w: -1}
  - {x: -1, y: 0.00000018274615, z: -8.964594e-14, w: -1}
  - {x: -1, y: 0.00000018134044, z: 0.00000017993464, w: -1}
  - {x: -1, y: 0.00000017993459, z: 0.00000008996727, w: -1}
  - {x: -1, y: 0.00000017993463, z: 0.00000017993464, w: -1}
  - {x: -1, y: 0.00000017993466, z: 0.00000011995635, w: -1}
  - {x: -1, y: 0.00000017993472, z: 0.000000059978085, w: -1}
  - {x: -1, y: 0.00000017993464, z: 0.00000008996728, w: -1}
  - {x: -1, y: 0.0000001799346, z: 0.000000059978085, w: -1}
  - {x: -1, y: 0.00000017993466, z: 0.00000023991288, w: -1}
  - {x: -1, y: 0.00000017993463, z: 0.00000005997818, w: -1}
  - {x: -1, y: 0.0000001799347, z: 0.00000008996728, w: -1}
  - {x: -0.00000009866071, y: 0.00021753057, z: 1, w: -1}
  - {x: -0.00000010411675, y: 0.0002175436, z: 1, w: -1}
  - {x: -0.00000010039047, y: 0.00021753057, z: 1, w: -1}
  - {x: -0.00000010406359, y: 0.00021751755, z: 1, w: -1}
  - {x: -0.00000010405399, y: 0.00007589782, z: 1, w: -1}
  - {x: -0.000000106275614, y: 0.000000053137796, z: 1, w: -1}
  - {x: -0.00000010572626, y: 0.00007589782, z: 1, w: -1}
  - {x: -0.00000010036165, y: 0.00015176379, z: 1, w: -1}
  - {x: -0.000000105692166, y: 2.6204918e-16, z: 1, w: -1}
  - {x: -0.00000012970716, y: -5.933095e-21, z: 1, w: -1}
  - {x: -0.00000013570035, y: 8.658741e-15, z: 1, w: -1}
  - {x: -0.00000010029515, y: 1.2888212e-14, z: 1, w: -1}
  - {x: -0.00000013564039, y: -0.000120762495, z: 1, w: -1}
  - {x: -0.00000016737239, y: -0.00000007717231, z: 1, w: -1}
  - {x: -0.000000106705556, y: -0.000120762495, z: 1, w: -1}
  - {x: -0.000000100189375, y: -0.00024139392, z: 1, w: -1}
  - {x: -0.00000010625051, y: -0.0007266779, z: 0.99999976, w: -1}
  - {x: -0.00000008807257, y: -0.00062581064, z: 0.9999998, w: -1}
  - {x: -0.00000003916871, y: -0.0005249057, z: 0.9999999, w: -1}
  - {x: -0.00000010002091, y: -0.00062581064, z: 0.9999998, w: -1}
  - {x: -0.000000039165982, y: -0.00023707653, z: 1, w: -1}
  - {x: -0.0000000040767034, y: -1.078799e-12, z: 1, w: -1}
  - {x: -0.0000000304737, y: -0.00023707653, z: 1, w: -1}
  - {x: -0.000000100087384, y: -0.00047411618, z: 0.9999999, w: -1}
  - {x: -0.000000030458512, y: 2.5018712e-16, z: 1, w: -1}
  - {x: 0.000008037476, y: -0.0019073115, z: 0.9999982, w: -1}
  - {x: -0.00000026836128, y: -0.0038055696, z: 0.9999928, w: -1}
  - {x: -0.00000009945918, y: -0.0019073465, z: 0.9999982, w: -1}
  - {x: -0.00000026836125, y: -0.0038055931, z: 0.9999928, w: -1}
  - {x: -0.00000019512923, y: -0.0010866432, z: 0.9999994, w: -1}
  - {x: -0.000000118145564, y: 0.0016555103, z: 0.9999986, w: -1}
  - {x: -0.000000099818934, y: -0.0010866432, z: 0.9999994, w: -1}
  - {x: -0.00000011794885, y: 0.0012745468, z: 0.9999992, w: -1}
  - {x: -0.00000012166387, y: 0.0016555106, z: 0.9999986, w: -1}
  - {x: -0.00000010465244, y: 0.0012745468, z: 0.9999992, w: -1}
  - {x: -0.000000100686904, y: 0.0008940865, z: 0.99999964, w: -1}
  - {x: -0.0009615008, y: 0.22439717, z: 0.9744973, w: -1}
  - {x: -0.0012137414, y: 0.21168339, z: 0.97733754, w: -1}
  - {x: -0.0005552085, y: 0.16015172, z: 0.9870923, w: -1}
  - {x: -0.0021186236, y: 0.2116784, z: 0.9773371, w: -1}
  - {x: 0.00081934413, y: -0.1853693, z: 0.9826686, w: 1}
  - {x: 0.002011559, y: -0.7291206, z: -0.6843823, w: -1}
  - {x: 0.00079686847, y: -0.4253499, z: -0.9050287, w: -1}
  - {x: 0.0009512242, y: -0.729122, z: -0.68438315, w: -1}
  - {x: 0.00012904203, y: -0.102753274, z: 0.99470687, w: -1}
  - {x: -0.000005473916, y: -0.11355828, z: 0.99353135, w: -1}
  - {x: -0.00011266715, y: -0.10275356, z: 0.99470687, w: -1}
  - {x: -0.0003272649, y: -0.09253632, z: 0.99570924, w: -1}
  - {x: -0.00010544922, y: -0.013714031, z: 0.99990594, w: -1}
  - {x: 0, y: 0, z: 1, w: -1}
  - {x: -0.00007840314, y: -0.013714116, z: 0.99990594, w: -1}
  - {x: -0.00038718487, y: -0.028884321, z: 0.9995827, w: -1}
  - {x: -0.000051952433, y: 0.00000010021954, z: 1, w: -1}
  - {x: -0.0010232958, y: -0.00211504, z: 0.99999726, w: -1}
  - {x: -0.0016722132, y: -0.0042037987, z: 0.9999898, w: -1}
  - {x: -0.0004118828, y: -0.0021144026, z: 0.9999977, w: -1}
  - {x: -0.0016441128, y: 0.014802, z: 0.99988914, w: -1}
  - {x: -0.0020575686, y: -0.0042027473, z: 0.9999891, w: -1}
  - {x: -0.00088119763, y: 0.014803985, z: 0.99989, w: -1}
  - {x: -0.0004425136, y: 0.03154218, z: 0.99950236, w: -1}
  - {x: -0.00000016025557, y: 0.00000000393366, z: 1, w: -1}
  - {x: -0.0000001576085, y: -2.0434723e-15, z: 1, w: -1}
  - {x: -0.00000017133155, y: 0.0000000039336547, z: 1, w: -1}
  - {x: -0.00000017184217, y: 0.000000007867318, z: 1, w: -1}
  - {x: -0.0000001576085, y: 0.0000000049411017, z: 1, w: -1}
  - {x: -0.00000015313873, y: 0, z: 1, w: -1}
  - {x: -0.00000016962575, y: 0.0000000049410964, z: 1, w: -1}
  - {x: -0.00000017133155, y: 0.000000009882199, z: 1, w: -1}
  - {x: -0.00000016962575, y: 3.2666535e-15, z: 1, w: -1}
  - {x: -0.000000088437076, y: 5.509779e-14, z: 1, w: -1}
  - {x: -0.00000010679624, y: 6.165359e-14, z: 1, w: -1}
  - {x: -0.00000017133155, y: 5.4640694e-15, z: 1, w: -1}
  - {x: -0.00000010679624, y: 5.2202905e-14, z: 1, w: -1}
  - {x: -0.00000016737243, y: 7.893293e-15, z: 1, w: -1}
  - {x: -0.00000017184217, y: 2.1946556e-15, z: 1, w: -1}
  - {x: -0.00000017133155, y: -1.4649371e-16, z: 1, w: -1}
  - {x: 1, y: -0.000000015005721, z: -0.00000013130006, w: -1}
  - {x: 1, y: 7.0088197e-16, z: -0.00000013317577, w: -1}
  - {x: 1, y: -0.000000015005721, z: -0.0000001336447, w: -1}
  - {x: 1, y: -0.000000030011442, z: -0.00000013130007, w: -1}
  - {x: 1, y: 0.000000015005721, z: -0.00000013317577, w: -1}
  - {x: 1, y: 0, z: -0.0000001350515, w: -1}
  - {x: 1, y: 0.000000015005721, z: -0.0000001350515, w: -1}
  - {x: 1, y: 0.000000030011442, z: -0.00000013364469, w: -1}
  - {x: 1, y: 0.000000015005721, z: -0.0000001350515, w: -1}
  - {x: 1, y: 0, z: -0.0000001350515, w: -1}
  - {x: 1, y: 0.000000015005721, z: -0.0000001350515, w: -1}
  - {x: 1, y: 0.000000030011442, z: -0.00000013364469, w: -1}
  - {x: 1, y: 0, z: -0.0000001350515, w: -1}
  - {x: 1, y: -0.000000015005721, z: -0.00000013317577, w: -1}
  - {x: 1, y: -0.000000030011442, z: -0.00000013130007, w: -1}
  - {x: 1, y: -0.000000015005721, z: -0.0000001336447, w: -1}
  m_Colors: []
  m_UnwrapParameters:
    m_HardAngle: 88
    m_PackMargin: 20
    m_AngleError: 8
    m_AreaError: 15
  m_PreserveMeshAssetOnDestroy: 0
  assetGuid: 
  m_Mesh: {fileID: 0}
  m_VersionIndex: 8222
  m_IsSelectable: 1
  m_SelectedFaces: 
  m_SelectedEdges: []
  m_SelectedVertices: 
--- !u!114 &2191298431431843196
MonoBehaviour:
  m_ObjectHideFlags: 0
  m_CorrespondingSourceObject: {fileID: 0}
  m_PrefabInstance: {fileID: 0}
  m_PrefabAsset: {fileID: 0}
  m_GameObject: {fileID: 2191298431431843201}
  m_Enabled: 1
  m_EditorHideFlags: 0
  m_Script: {fileID: 11500000, guid: 1ca002da428252441b92f28d83c8a65f, type: 3}
  m_Name: 
  m_EditorClassIdentifier: 
  m_Shape:
    rid: 1884540087503683591
  m_Size: {x: 7.5675373, y: 8.4994335, z: -2.0304527}
  m_Rotation: {x: 0, y: 0, z: 0, w: 1}
  m_PivotLocation: 1
  m_PivotPosition: {x: 0, y: 0, z: 0}
  m_UnmodifiedMeshVersion: 3731
  m_ShapeBox:
    m_Center: {x: 3.7837687, y: 4.2497168, z: -1.0152287}
    m_Extent: {x: 3.7837687, y: 4.2497168, z: 1.0152264}
  references:
    version: 2
    RefIds:
    - rid: 1884540087503683591
      type: {class: Cube, ns: UnityEngine.ProBuilder.Shapes, asm: Unity.ProBuilder}
--- !u!23 &2191298431431843197
MeshRenderer:
  m_ObjectHideFlags: 0
  m_CorrespondingSourceObject: {fileID: 0}
  m_PrefabInstance: {fileID: 0}
  m_PrefabAsset: {fileID: 0}
  m_GameObject: {fileID: 2191298431431843201}
  m_Enabled: 1
  m_CastShadows: 1
  m_ReceiveShadows: 1
  m_DynamicOccludee: 1
  m_StaticShadowCaster: 0
  m_MotionVectors: 1
  m_LightProbeUsage: 1
  m_ReflectionProbeUsage: 1
  m_RayTracingMode: 2
  m_RayTraceProcedural: 0
  m_RenderingLayerMask: 1
  m_RendererPriority: 0
  m_Materials:
  - {fileID: 2100000, guid: 463e282106d49b84ebd52845f566e538, type: 2}
  - {fileID: 2100000, guid: 250d21d43d577394da2437392b0aff37, type: 2}
  - {fileID: 2100000, guid: de94f4a07532c3e488301fb41682df1a, type: 2}
  m_StaticBatchInfo:
    firstSubMesh: 0
    subMeshCount: 0
  m_StaticBatchRoot: {fileID: 0}
  m_ProbeAnchor: {fileID: 0}
  m_LightProbeVolumeOverride: {fileID: 0}
  m_ScaleInLightmap: 1
  m_ReceiveGI: 1
  m_PreserveUVs: 0
  m_IgnoreNormalsForChartDetection: 0
  m_ImportantGI: 0
  m_StitchLightmapSeams: 1
  m_SelectedEditorRenderState: 2
  m_MinimumChartSize: 4
  m_AutoUVMaxDistance: 0.5
  m_AutoUVMaxAngle: 89
  m_LightmapParameters: {fileID: 0}
  m_SortingLayerID: 0
  m_SortingLayer: 0
  m_SortingOrder: 0
  m_AdditionalVertexStreams: {fileID: 0}
--- !u!33 &2191298431431843198
MeshFilter:
  m_ObjectHideFlags: 0
  m_CorrespondingSourceObject: {fileID: 0}
  m_PrefabInstance: {fileID: 0}
  m_PrefabAsset: {fileID: 0}
  m_GameObject: {fileID: 2191298431431843201}
  m_Mesh: {fileID: 0}
--- !u!64 &2191298431431843199
MeshCollider:
  m_ObjectHideFlags: 0
  m_CorrespondingSourceObject: {fileID: 0}
  m_PrefabInstance: {fileID: 0}
  m_PrefabAsset: {fileID: 0}
  m_GameObject: {fileID: 2191298431431843201}
  m_Material: {fileID: 0}
  m_IsTrigger: 0
  m_Enabled: 1
  serializedVersion: 4
  m_Convex: 0
  m_CookingOptions: 30
  m_Mesh: {fileID: 0}
